Index,P/E,EPS (ttm),Insider Own,Shs Outstand,Perf Week,Market Cap,Forward P/E,EPS next Y,Insider Trans,Shs Float,Perf Month,Income,PEG,EPS next Q,Inst Own,Short Float,Perf Quarter,Sales,P/S,EPS this Y,Inst Trans,Short Ratio,Perf Half Y,Book/sh,P/B,ROA,Short Interest,Perf Year,Cash/sh,P/C,EPS next 5Y,ROE,52W Range,Perf YTD,Dividend Est.,P/FCF,EPS past 5Y,ROI,52W High,Beta,Dividend TTM,Quick Ratio,Sales past 5Y,Gross Margin,52W Low,ATR (14),Dividend Ex-Date,Current Ratio,EPS Y/Y TTM,Oper. Margin,RSI (14),Volatility,Employees,Debt/Eq,Sales Y/Y TTM,Profit Margin,Recom,Target Price,Option/Short,LT Debt/Eq,EPS Q/Q,Payout,Rel Volume,Prev Close,Sales Surprise,EPS Surprise,Sales Q/Q,Earnings,Avg Volume,Price,SMA20,SMA50,SMA200,Trades,Volume,Change,Ticker
-,9.63,1.11,1.43%,657.57M,-18.11%,7.02B,3.67,37.35%,-1.61%,648.18M,-34.38%,846.00M,0.45,-0.51,68.36%,9.37%,-38.99%,54.21B,0.13,7.99%,22.71%,1.58,-0.93%,-6.05,-,1.36%,60.71M,-23.57%,11.73,0.91,21.53%,-,9.07 - 19.10,-38.78%,-,5.40,-20.93%,3.12%,-44.14%,1.18,-,0.43,16.92%,21.15%,17.64%,0.68,"Feb 04, 2020",0.54,2.20%,5.95%,16.37,6.46% 4.75%,133300,-,2.70%,1.56%,2.00,19.15,Yes / Yes,-,2721.11%,0.00%,1.31,10.67,1.74%,29.83%,4.58%,Jan 23 BMO,38.39M,10.67,-23.09%,-33.06%,-19.18%,,"12,099,088",0.00%,AAL
RUT,10.84,2.23,1.81%,37.48M,-0.16%,907.31M,7.32,20.40%,-9.35%,36.81M,-3.97%,85.00M,-,0.49,101.03%,1.18%,-20.32%,515.30M,1.76,-0.54%,1.33%,2.18,3.60%,0.53,45.35,12.92%,0.44M,6.42%,2.63,9.21,-,282.39%,21.45 - 31.52,-8.12%,0.04 (0.17%),9.07,-1.99%,24.14%,-23.22%,1.38,0.04 (0.17%),-,-6.85%,96.24%,12.82%,0.77,"Mar 14, 2025",-,42.43%,28.43%,45.04,3.38% 3.01%,383,17.08,18.73%,16.50%,3.67,25.67,Yes / Yes,16.61,109.20%,1.80%,0.55,23.93,14.02%,46.89%,23.71%,Feb 06 BMO,200.39K,24.20,-1.89%,-3.09%,-4.44%,,"26,260",1.13%,AAMI
RUT,10.47,21.52,1.60%,19.58M,-11.56%,4.43B,8.34,2.50%,-1.82%,19.33M,-25.13%,430.30M,-,6.54,110.27%,7.75%,-12.21%,17.19B,0.26,-3.23%,-2.15%,7.84,5.07%,178.83,1.26,4.15%,1.50M,6.89%,4.27,52.84,-,12.76%,202.98 - 312.56,-7.26%,-,22.56,17.63%,6.40%,-27.89%,1.03,-,0.41,21.15%,16.72%,11.04%,9.03,"Jul 30, 2008",1.11,-24.72%,5.73%,22.26,4.22% 3.13%,15000,1.45,16.11%,2.50%,2.88,283.00,Yes / Yes,0.92,141.50%,0.00%,0.67,227.02,8.17%,20.20%,18.18%,Jan 30 BMO,191.14K,225.39,-14.92%,-15.53%,-8.36%,,"30,764",-0.72%,ABG
RUT,10.92,1.14,3.79%,189.26M,1.43%,2.35B,9.45,10.74%,0.07%,182.32M,-9.25%,223.27M,-,0.29,58.94%,34.52%,-13.85%,1.44B,1.64,-31.84%,0.62%,18.70,-7.70%,12.63,0.98,1.81%,62.94M,-4.72%,3.48,3.56,-,8.62%,11.43 - 15.94,-10.43%,1.24 (10.02%),4.97,-1.47%,2.20%,-22.18%,1.59,1.72 (13.87%),-,22.77%,98.82%,8.53%,0.46,"Mar 07, 2025",-,-33.80%,80.92%,45.51,4.06% 4.24%,659,3.30,-11.26%,15.56%,3.40,12.62,Yes / Yes,2.35,-33.71%,145.75%,1.05,12.06,0.95%,6.67%,-17.36%,Feb 21 BMO,3.37M,12.40,-0.70%,-5.58%,-11.18%,,"850,580",2.86%,ABR
-,10.54,2.78,2.63%,91.78M,-4.29%,2.72B,9.63,13.35%,0.00%,90.47M,-29.12%,255.61M,-,0.39,108.37%,5.66%,-26.61%,3.15B,0.86,-18.78%,1.65%,2.69,-62.05%,33.49,0.87,4.52%,5.12M,-63.57%,0.82,35.63,-1.36%,8.73%,27.61 - 82.40,-26.20%,-,-,17.49%,5.05%,-64.49%,1.15,-,0.99,9.50%,22.57%,5.98%,1.89,-,1.00,1321.36%,16.56%,29.21,5.38% 5.02%,25500,0.68,7.69%,8.10%,1.46,48.31,Yes / Yes,0.65,-43.57%,0.00%,0.54,28.17,-0.61%,-10.44%,4.23%,Feb 27 AMC,1.90M,29.26,-15.52%,-26.96%,-46.96%,,"247,429",3.87%,ACHC
-,11.93,1.78,27.68%,579.36M,-1.08%,12.30B,9.22,0.40%,0.00%,418.99M,-1.54%,1.04B,-,0.41,51.97%,2.20%,14.68%,79.93B,0.15,-20.39%,3.96%,1.38,14.56%,5.81,3.65,3.90%,9.20M,1.37%,0.39,54.83,-5.93%,35.20%,17.00 - 21.67,8.08%,0.52 (2.44%),13.55,52.11%,6.16%,-2.04%,0.48,0.51 (2.40%),0.21,6.20%,25.80%,24.87%,0.54,"Jan 24, 2025",0.93,-24.43%,2.63%,55.53,3.23% 2.47%,285000,4.22,0.97%,1.30%,2.09,23.25,Yes / Yes,4.00,10.27%,21.54%,0.18,21.19,-0.19%,8.17%,1.17%,Jan 08 BMO,6.69M,21.23,1.98%,3.84%,8.00%,,"282,705",0.18%,ACI
RUT,7.60,1.57,50.05%,48.20M,-0.87%,574.40M,7.44,6.67%,-0.20%,24.10M,0.72%,75.72M,-,0.40,28.20%,3.32%,-11.11%,303.26M,1.89,-3.85%,16.50%,5.04,15.88%,4.89,2.44,11.04%,0.80M,15.88%,-,-,-,37.69%,8.49 - 14.52,-8.14%,0.50 (4.20%),2.36,-,19.53%,-18.01%,-0.38,-,-,-13.94%,-,40.18%,0.54,"Jan 02, 2025",2.50,-77.16%,36.75%,44.99,4.42% 5.02%,65,0.65,1.00%,24.97%,2.00,16.00,Yes / Yes,0.65,-62.14%,0.00%,0.21,11.83,5.00%,-25.00%,36.16%,Feb 27 AMC,158.90K,11.90,-3.72%,-2.95%,3.26%,,"8,009",0.63%,ACIC
S&P 500,13.04,3.61,0.76%,478.00M,-4.68%,22.61B,9.98,9.58%,0.00%,476.05M,4.21%,1.80B,22.88,0.67,82.00%,2.44%,-9.51%,85.50B,0.26,-9.07%,2.78%,3.10,-20.13%,46.38,1.02,3.34%,11.64M,-17.43%,8.69,5.42,0.57%,7.78%,44.92 - 66.08,-6.72%,2.09 (4.44%),18.42,8.39%,5.84%,-28.68%,0.65,2.01 (4.27%),0.81,6.92%,6.81%,4.91%,1.52,"Feb 18, 2025",1.39,-43.53%,2.59%,46.79,4.16% 3.03%,44043,0.52,-9.01%,2.11%,3.25,48.44,Yes / Yes,0.39,10.10%,54.78%,0.61,47.25,-5.60%,-0.06%,-6.55%,Feb 04 BMO,3.75M,47.12,-0.49%,-3.18%,-15.46%,,"551,481",-0.26%,ADM
-,14.12,0.53,39.63%,836.59M,-4.55%,6.53B,8.09,11.85%,0.00%,529.15M,1.85%,501.10M,1.21,0.19,52.25%,4.27%,1.57%,4.92B,1.33,9.67%,-2.65%,2.30,7.90%,4.26,1.75,3.42%,22.58M,12.80%,0.23,31.98,11.69%,14.41%,6.10 - 8.39,7.74%,0.19 (2.60%),5.45,-,4.40%,-11.26%,1.47,0.22 (2.96%),0.64,-0.75%,50.01%,22.05%,0.24,"Mar 13, 2025",0.80,10.03%,23.74%,46.52,3.43% 2.99%,12800,2.05,-13.19%,10.19%,3.00,8.62,Yes / Yes,2.00,-66.18%,42.30%,0.75,7.32,2.17%,6.38%,3.11%,Feb 27 BMO,9.84M,7.45,-2.13%,0.02%,1.26%,,"1,777,080",1.71%,ADT
RUT,6.44,1.68,8.19%,192.10M,-15.82%,2.07B,6.67,8.32%,-6.28%,176.36M,-23.94%,329.38M,-,0.11,93.68%,9.30%,-38.98%,5.33B,0.39,-14.09%,-4.56%,3.39,-43.49%,9.09,1.19,8.54%,16.40M,-51.70%,1.87,5.78,-0.97%,18.80%,10.92 - 26.25,-35.21%,0.36 (3.32%),10.79,8.46%,11.36%,-58.86%,1.39,0.50 (4.63%),0.81,5.37%,35.22%,-1.10%,0.60,"Apr 11, 2025",1.53,96.32%,8.35%,22.74,6.08% 4.32%,43100,0.82,1.27%,6.18%,2.77,14.10,Yes / Yes,0.64,1592.79%,29.76%,1.17,10.98,0.14%,5.08%,-4.42%,Mar 12 AMC,4.84M,10.80,-15.93%,-27.22%,-42.31%,,"1,365,061",-1.64%,AEO
S&P 500,5.11,2.37,0.51%,711.07M,7.80%,8.63B,5.47,4.86%,0.00%,708.30M,20.19%,1.69B,2.08,0.49,93.64%,5.51%,-11.09%,12.28B,0.70,-1.27%,-5.47%,2.56,-32.10%,5.12,2.37,3.67%,39.01M,-23.92%,2.87,4.23,2.46%,39.65%,9.88 - 22.21,-5.77%,0.71 (5.83%),-,39.18%,5.56%,-45.40%,0.79,0.69 (5.72%),0.73,4.14%,18.85%,22.74%,0.51,"May 01, 2025",0.80,563.59%,16.50%,61.02,4.78% 4.35%,9100,6.42,-3.14%,13.78%,1.94,14.60,Yes / Yes,5.64,620.82%,29.33%,0.68,12.28,-3.54%,56.11%,-0.20%,Feb 28 BMO,15.24M,12.13,9.53%,7.06%,-21.68%,,"2,476,571",-1.25%,AES
-,11.92,10.57,14.68%,83.98M,-0.93%,10.58B,10.72,11.49%,0.02%,71.65M,0.74%,887.00M,2.04,2.09,67.67%,1.76%,-9.53%,8.27B,1.28,-1.96%,1.68%,2.87,-2.20%,53.18,2.37,3.58%,1.26M,-0.19%,-,-,5.85%,20.33%,115.62 - 150.19,-8.00%,5.58 (4.43%),10.38,1.41%,14.37%,-16.13%,0.61,3.02 (2.40%),-,2.02%,-,8.95%,2.55,"Mar 17, 2025",0.45,4.97%,13.82%,47.97,1.97% 1.92%,8700,0.38,6.91%,10.73%,2.71,138.00,Yes / Yes,0.38,-3.27%,27.71%,0.34,125.00,4.01%,0.61%,2.49%,Feb 04 AMC,440.22K,125.97,1.24%,-2.82%,-2.77%,,"35,708",0.78%,AFG
-,10.60,0.96,0.84%,915.46M,-1.97%,9.31B,6.59,-3.76%,-0.36%,907.75M,-0.05%,731.00M,-,0.40,40.57%,6.59%,5.88%,4.88B,1.91,-14.60%,4.89%,2.84,-0.05%,9.06,1.12,1.08%,59.80M,3.40%,1.93,5.26,-8.78%,9.58%,8.92 - 10.85,10.48%,1.44 (14.15%),108.31,-4.32%,7.44%,-6.22%,1.27,1.44 (14.15%),-,178.29%,100.00%,14.07%,0.19,"Feb 28, 2025",-,963700.00%,79.59%,49.70,2.86% 1.71%,53,7.94,384.69%,14.99%,1.80,10.29,Yes / Yes,0.01,-82.84%,154.84%,0.90,10.04,4.02%,-12.76%,268.45%,Jan 27 AMC,21.07M,10.18,-1.55%,2.14%,2.43%,,"4,547,950",1.34%,AGNC
-,7.17,1.50,27.10%,100.84M,-0.65%,1.12B,10.21,8.70%,0.00%,75.92M,11.48%,158.52M,-,-0.07,60.47%,1.37%,-0.65%,1.38B,0.82,-47.48%,23.16%,1.81,-4.69%,13.85,0.78,4.81%,1.04M,5.69%,2.05,5.26,-,11.93%,8.72 - 12.07,14.32%,0.50 (4.68%),348.63,-,6.64%,-10.72%,0.65,0.34 (3.17%),0.97,11.92%,26.39%,23.62%,0.31,"Nov 12, 2024",2.40,10.22%,12.19%,59.60,2.12% 2.37%,9762,0.87,7.47%,11.53%,3.00,12.38,Yes / Yes,0.71,-73.19%,15.50%,2.06,10.72,0.00%,0.00%,34.62%,Mar 13 AMC,574.78K,10.78,0.60%,6.96%,3.74%,,"284,358",0.56%,AGRO
S&P 500,14.27,14.47,0.80%,50.83M,0.90%,10.48B,10.64,21.07%,-1.46%,50.39M,-0.45%,760.20M,2.20,2.84,98.19%,2.05%,-4.57%,11.88B,0.88,-3.71%,-0.19%,2.42,9.03%,100.46,2.05,2.79%,1.03M,13.97%,-,-,6.50%,15.33%,160.12 - 230.55,-3.19%,3.19 (1.55%),9.43,19.88%,10.48%,-10.47%,0.53,2.24 (1.09%),-,3.48%,-,28.92%,4.45,"Feb 03, 2025",2.30,21.03%,8.71%,50.18,2.16% 2.40%,14200,0.42,6.70%,6.40%,1.88,232.60,Yes / Yes,0.42,13.03%,20.47%,0.32,204.04,1.18%,15.97%,4.08%,Feb 11 AMC,426.85K,206.42,0.98%,-0.84%,5.67%,,"32,912",1.17%,AIZ
-,10.71,1.51,-,78.88M,0.88%,1.27B,9.17,9.36%,-,78.88M,6.96%,249.52M,1.01,0.44,0.12%,0.00%,22.58%,3.40B,0.37,8.33%,-17.43%,0.20,8.33%,5.95,2.71,7.34%,0.00M,35.27%,4.15,3.89,10.62%,24.99%,11.98 - 17.00,9.21%,1.32 (8.21%),18.28,-0.04%,12.15%,-5.12%,0.59,1.48 (9.18%),0.79,7.42%,39.62%,34.61%,0.50,"Jan 18, 2024",1.12,19.07%,12.27%,59.14,1.02% 2.87%,-,1.19,10.23%,7.34%,1.91,21.08,No / Yes,1.09,56.21%,54.87%,0.03,15.44,2.47%,13.40%,57.67%,Jan 28 BMO,2.72K,16.13,4.35%,7.29%,12.72%,,22,4.47%,AKO-A
-,13.41,1.66,-,78.88M,3.08%,1.75B,12.62,9.36%,-,78.88M,9.82%,249.52M,1.26,0.44,3.42%,0.02%,22.39%,3.40B,0.52,8.33%,-22.23%,1.46,22.39%,6.55,3.39,7.34%,0.01M,40.41%,4.15,5.35,10.62%,24.99%,14.61 - 22.08,20.73%,1.32 (5.96%),25.18,-0.04%,12.15%,0.62%,0.50,1.63 (7.34%),0.79,7.42%,39.62%,52.04%,0.59,"Jan 18, 2024",1.12,19.06%,12.27%,71.87,3.32% 2.58%,-,1.19,10.23%,7.34%,1.91,21.08,No / Yes,1.09,56.22%,54.87%,1.93,22.08,2.47%,13.40%,57.67%,Jan 28 BMO,10.24K,22.21,7.30%,12.43%,18.54%,,"4,703",0.62%,AKO-B
-,13.66,3.33,7.03%,111.38M,-0.90%,5.07B,8.90,30.74%,-0.41%,103.55M,-0.46%,372.07M,0.61,0.89,97.36%,3.30%,-9.22%,2.59B,1.96,17.46%,0.65%,4.92,7.54%,67.63,0.67,1.33%,3.41M,-0.18%,4.27,10.64,22.23%,5.82%,39.43 - 52.31,-5.65%,0.69 (1.51%),-,-8.14%,1.50%,-13.04%,1.38,0.85 (1.87%),0.11,5.04%,55.79%,15.37%,1.51,"Mar 18, 2025",0.11,-35.24%,47.30%,46.41,3.68% 3.60%,165,2.68,2.65%,14.38%,1.86,55.14,Yes / Yes,2.30,-56.25%,25.56%,0.49,44.52,1.39%,11.35%,4.61%,Feb 13 AMC,693.30K,45.49,-3.17%,-2.53%,-2.13%,,"81,721",2.18%,AL
S&P 500,11.98,16.99,0.55%,265.00M,1.40%,53.94B,9.63,18.02%,-12.20%,263.56M,7.51%,4.55B,1.57,3.62,79.67%,0.93%,4.35%,64.11B,0.84,-2.23%,2.52%,1.37,10.39%,73.36,2.77,4.64%,2.45M,27.53%,-,-,7.65%,23.80%,156.66 - 209.88,5.58%,3.84 (1.89%),6.19,3.91%,15.60%,-3.02%,0.36,3.76 (1.85%),-,7.90%,-,29.92%,5.05,"Mar 10, 2025",0.40,1544.67%,9.71%,61.00,3.40% 2.48%,55400,0.39,12.28%,7.10%,1.79,229.81,Yes / Yes,0.36,26.92%,21.66%,0.51,202.00,9.70%,22.28%,11.29%,Feb 05 AMC,1.79M,203.54,4.17%,6.13%,10.28%,,"218,119",0.76%,ALL
-,12.97,2.60,1.13%,305.39M,-2.78%,10.35B,6.05,52.46%,1.31%,303.63M,-9.52%,806.00M,0.31,0.48,90.25%,2.71%,-12.62%,16.39B,0.63,55.53%,-0.34%,2.36,2.48%,37.92,0.89,0.47%,8.21M,-11.63%,-,-,41.91%,6.63%,31.95 - 45.46,-6.46%,1.20 (3.56%),15.79,-16.14%,3.02%,-25.90%,1.15,1.20 (3.56%),-,8.04%,-,5.43%,1.25,"Jan 31, 2025",1.48,-12.41%,5.15%,36.11,3.90% 3.44%,10700,1.38,3.41%,4.92%,2.00,44.35,Yes / Yes,0.92,62.62%,66.70%,0.36,32.99,0.34%,36.44%,-0.68%,Jan 22 BMO,3.48M,33.69,-6.42%,-8.73%,-11.28%,,"302,713",2.11%,ALLY
-,11.22,8.06,0.31%,77.70M,-7.05%,7.03B,8.11,20.78%,-4.38%,77.48M,-2.59%,645.00M,0.71,1.67,67.24%,2.63%,-8.88%,10.39B,0.68,10.89%,-0.59%,2.70,-3.12%,29.29,3.09,7.99%,2.04M,-24.68%,4.25,21.29,15.85%,26.69%,87.55 - 129.38,-3.62%,2.83 (3.13%),14.67,8.76%,16.47%,-30.13%,1.48,2.76 (3.05%),0.71,4.55%,18.56%,3.25%,2.93,"Mar 07, 2025",0.96,39.95%,9.56%,40.24,3.17% 2.70%,65200,0.91,-0.80%,6.21%,1.88,110.51,Yes / Yes,0.72,14.14%,34.10%,3.05,87.68,-3.59%,4.79%,-4.91%,Jan 31 BMO,756.20K,90.40,-5.93%,-5.99%,-9.16%,,"552,912",3.10%,ALV
-,13.52,1.43,59.58%,246.68M,-6.87%,4.77B,9.64,40.61%,1.78%,99.73M,-11.59%,354.01M,0.95,0.09,44.68%,5.47%,-25.89%,6.32B,0.75,-0.31%,2.71%,3.20,-34.90%,16.82,1.15,5.16%,5.46M,-42.38%,6.67,2.89,14.29%,8.73%,18.87 - 44.19,-24.82%,0.39 (2.00%),13.81,23.20%,6.74%,-56.29%,1.85,0.32 (1.63%),1.90,10.11%,14.77%,2.35%,0.85,"Mar 13, 2025",2.11,-1.90%,6.94%,33.88,4.04% 3.88%,28300,0.34,-2.85%,5.60%,2.00,29.08,Yes / Yes,0.27,-10.37%,22.33%,0.61,18.99,-2.03%,13.88%,-7.00%,Feb 10 AMC,1.71M,19.31,-8.05%,-17.41%,-33.82%,,"249,218",1.71%,AMKR
RUT,8.64,3.06,25.50%,47.62M,-8.19%,1.26B,6.89,19.77%,-0.47%,35.50M,-16.88%,159.52M,14.39,0.72,74.98%,11.63%,-39.39%,731.97M,1.72,-16.91%,-0.49%,6.74,-41.31%,15.38,1.72,10.17%,4.13M,-40.09%,4.70,5.62,0.60%,23.26%,25.89 - 53.96,-28.76%,-,7.31,25.59%,11.59%,-50.98%,0.84,-,2.19,18.07%,49.37%,2.18%,1.16,-,3.07,15.72%,28.06%,25.39,4.32% 4.01%,2028,0.89,13.59%,21.79%,2.00,39.80,Yes / Yes,0.88,8.46%,0.00%,0.56,26.24,-1.19%,-1.95%,4.73%,Feb 27 AMC,612.78K,26.45,-9.73%,-19.50%,-36.14%,,"82,171",0.80%,AMPH
RUT,12.74,0.30,9.75%,39.80M,-0.14%,152.65M,5.47,-28.38%,1.68%,36.40M,-26.22%,11.88M,-,0.21,52.08%,3.63%,-39.93%,294.68M,0.52,61.04%,7.81%,3.27,-39.64%,10.28,0.37,1.59%,1.32M,-36.50%,0.00,-,-,2.97%,3.54 - 8.15,-36.92%,-,-,-,2.20%,-53.56%,1.34,-,1.05,7.92%,31.32%,6.91%,0.25,"Mar 13, 2020",1.05,-96.92%,12.42%,23.91,7.74% 5.19%,229,0.32,-4.20%,4.03%,1.00,9.67,Yes / Yes,0.32,-116.65%,0.00%,0.74,3.75,-9.23%,-45.04%,-12.62%,Mar 05 AMC,404.67K,3.78,-17.05%,-27.91%,-39.93%,,"71,575",0.93%,AMPY
RUT,9.36,14.21,16.54%,13.02M,0.18%,1.74B,4.09,81.03%,-0.49%,10.89M,-25.91%,187.58M,0.59,-0.17,87.43%,10.90%,-43.49%,2.96B,0.59,21.37%,2.66%,4.64,-31.03%,126.72,1.05,7.74%,1.19M,-58.46%,36.90,3.61,15.97%,11.64%,125.81 - 361.17,-33.52%,-,4.56,-,11.33%,-63.17%,1.06,-,3.45,16.33%,10.37%,5.75%,8.46,"Nov 30, 2023",4.13,-71.49%,7.70%,32.48,5.63% 6.31%,4040,0.01,-14.81%,6.34%,2.33,272.00,Yes / Yes,0.00,-101.27%,0.00%,0.71,132.16,-6.21%,80.38%,-35.69%,Feb 28 BMO,255.80K,133.03,-8.10%,-22.28%,-42.04%,,"43,533",0.66%,AMR
RUT,9.64,1.06,39.33%,34.50M,-7.57%,538.55M,8.22,51.39%,0.67%,31.88M,-46.25%,56.65M,0.96,-0.21,62.90%,8.15%,-61.45%,1.77B,0.30,-31.40%,-1.51%,4.41,-69.18%,19.30,0.53,1.44%,2.60M,-50.74%,3.39,3.02,10.00%,5.92%,9.04 - 39.68,-56.35%,-,-,2.77%,2.22%,-74.17%,2.09,-,1.29,18.20%,14.07%,13.38%,1.21,-,1.31,-9.56%,4.65%,27.21,9.88% 8.66%,1509,1.68,28.76%,3.20%,1.92,23.50,Yes / Yes,1.52,9.54%,0.00%,1.10,10.00,1.98%,10.86%,20.69%,Feb 27 AMC,589.47K,10.25,-27.56%,-47.30%,-63.07%,,"156,322",2.50%,AMRC
RUT,13.44,2.06,27.22%,23.02M,0.00%,636.94M,7.62,57.92%,-6.34%,16.75M,-3.56%,49.20M,1.95,0.65,61.37%,8.78%,-3.25%,10.61B,0.06,-16.37%,-8.20%,5.60,-37.30%,26.62,1.04,2.82%,1.47M,-1.07%,2.48,11.14,6.91%,8.22%,25.01 - 47.39,0.99%,-,5.09,78.46%,5.80%,-41.61%,0.38,0.60 (2.17%),0.31,15.80%,1.04%,10.64%,1.05,"Jan 14, 2025",1.58,-54.69%,0.15%,52.63,4.99% 3.88%,489,1.35,4.95%,0.46%,1.80,42.20,Yes / Yes,0.38,-52.18%,28.15%,0.27,27.30,15.30%,-12.96%,27.57%,Feb 06 AMC,262.75K,27.67,1.77%,0.33%,-18.30%,,"17,079",1.36%,AMRK
-,4.73,0.60,48.61%,6.39M,2.82%,18.13M,9.42,-43.40%,0.00%,3.30M,-8.28%,3.93M,-,0.01,16.53%,0.76%,-14.13%,24.97M,0.73,430.00%,-1.61%,1.50,-6.15%,4.14,0.68,7.10%,0.02M,3.20%,2.19,1.29,-,16.19%,2.51 - 4.60,-11.44%,-,-,-11.41%,10.14%,-38.59%,0.41,-,1.46,1.35%,34.81%,12.55%,0.11,"Jun 28, 2007",1.46,765.57%,5.36%,43.13,3.92% 3.34%,31,0.78,20.83%,15.74%,-,4.85,No / Yes,0.47,-273.37%,0.00%,0.86,2.84,-12.51%,-137.50%,36.33%,Nov 13 BMO,16.60K,2.83,-1.50%,-6.42%,-9.77%,,"3,395",-0.53%,AMS
RUT,9.01,6.46,2.65%,15.03M,-4.42%,863.68M,8.59,3.31%,-3.97%,14.44M,-22.93%,100.69M,-,1.47,98.34%,3.79%,-33.20%,1.76B,0.49,-23.07%,1.63%,3.32,-29.54%,61.18,0.95,6.36%,0.55M,-39.01%,2.93,19.86,-1.12%,11.09%,57.44 - 106.57,-26.79%,-,22.67,8.16%,7.21%,-45.37%,1.31,-,1.06,2.63%,18.29%,1.36%,2.55,"Jun 09, 2011",2.01,-10.65%,8.54%,23.15,3.75% 3.87%,8600,0.56,-6.02%,5.71%,2.00,91.67,Yes / Yes,0.52,-16.97%,0.00%,0.20,57.97,-2.01%,-20.14%,-5.81%,Feb 27 BMO,165.22K,58.22,-10.83%,-20.48%,-31.86%,,"7,875",0.43%,AMWD
-,9.39,16.94,26.37%,39.03M,-7.02%,6.24B,7.76,11.56%,-0.01%,28.76M,-16.99%,692.20M,0.85,4.26,69.01%,5.67%,-9.62%,26.77B,0.23,5.22%,-2.92%,3.41,0.24%,62.95,2.53,5.38%,1.63M,6.31%,2.59,61.50,11.09%,29.65%,150.08 - 198.50,-6.35%,-,-,27.76%,11.12%,-19.87%,1.17,-,0.21,5.18%,16.98%,5.98%,5.09,-,0.74,-25.24%,3.97%,27.24,3.51% 2.69%,25100,2.03,-0.68%,2.59%,2.07,212.89,Yes / Yes,1.53,-7.91%,0.00%,0.61,156.67,6.14%,16.59%,6.59%,Feb 11 BMO,477.20K,159.05,-9.96%,-12.02%,-7.69%,,"69,768",1.52%,AN
RUT,12.44,3.33,5.44%,34.01M,-3.86%,1.41B,9.69,35.02%,-0.17%,32.18M,2.67%,114.01M,-,-0.07,88.64%,2.31%,-9.56%,11.26B,0.13,-4.52%,-1.72%,2.10,-9.28%,40.17,1.03,2.86%,0.74M,-23.31%,16.51,2.51,-,8.61%,39.25 - 61.46,2.34%,0.78 (1.88%),7.74,43.12%,5.59%,-32.53%,0.57,0.76 (1.84%),0.90,10.78%,6.28%,5.65%,1.56,"Apr 01, 2025",1.65,11.84%,1.83%,45.41,3.16% 3.84%,2299,0.66,-23.68%,1.01%,1.00,62.50,Yes / Yes,0.49,-11.03%,23.03%,0.31,41.09,14.94%,42.39%,-2.80%,Feb 18 AMC,353.17K,41.47,-3.37%,-1.88%,-11.42%,,"25,890",0.92%,ANDE
RUT,7.29,10.70,1.86%,50.37M,-9.32%,3.93B,6.52,7.34%,-3.63%,49.44M,-28.37%,566.22M,0.62,1.47,103.07%,9.83%,-43.58%,4.95B,0.79,4.32%,0.28%,2.10,-40.55%,24.76,3.15,18.05%,4.86M,-35.30%,17.65,4.42,11.81%,47.77%,74.31 - 196.99,-47.81%,-,7.50,77.99%,27.28%,-60.40%,1.42,-,0.97,7.20%,61.03%,4.98%,5.68,"Mar 05, 2020",1.48,71.45%,14.82%,24.55,6.48% 5.42%,31700,0.71,15.60%,11.44%,1.73,138.86,Yes / Yes,0.55,20.32%,0.00%,0.74,75.93,1.14%,0.92%,9.09%,Mar 05 BMO,2.32M,78.01,-16.92%,-32.03%,-45.76%,,"413,435",2.74%,ANF
S&P 500,8.66,2.25,2.14%,365.40M,3.28%,7.08B,5.77,-5.48%,0.06%,356.29M,-13.01%,804.00M,-,0.84,89.76%,9.04%,-12.58%,9.74B,0.73,-5.30%,5.88%,4.10,-17.58%,14.45,1.35,4.64%,32.21M,-38.11%,1.72,11.33,-6.00%,20.26%,17.66 - 36.04,-15.73%,1.00 (5.15%),9.99,-,6.98%,-46.02%,2.76,1.00 (5.14%),1.01,15.89%,39.45%,10.19%,0.93,"Apr 22, 2025",1.15,-75.78%,32.85%,38.99,4.53% 4.85%,2305,1.22,17.61%,8.26%,2.76,28.89,Yes / Yes,1.18,-83.39%,43.91%,0.39,19.04,-4.26%,-18.71%,25.15%,Feb 26 AMC,7.86M,19.46,-6.23%,-12.59%,-22.94%,,"740,542",2.20%,APA
RUT,10.59,4.47,1.97%,21.94M,-1.13%,1.04B,10.94,-12.58%,0.00%,21.52M,-4.63%,98.30M,-,0.88,94.68%,2.85%,-40.81%,1.38B,0.75,3.77%,0.84%,2.26,-24.41%,23.80,1.99,9.47%,0.61M,-16.61%,2.18,21.73,-0.60%,20.11%,45.33 - 87.93,-33.69%,-,8.05,22.61%,11.59%,-46.15%,0.83,1.01 (2.13%),1.27,0.87%,27.14%,4.46%,1.46,"Jan 28, 2025",1.63,-5.49%,10.85%,38.46,2.58% 2.87%,4400,0.65,-1.58%,7.14%,2.00,66.17,Yes / Yes,0.62,-21.85%,21.51%,0.18,46.56,2.73%,8.18%,0.48%,Jan 07 BMO,270.91K,47.35,-1.12%,-9.41%,-27.82%,,"11,395",1.70%,APOG
S&P 500,9.23,6.88,1.20%,235.04M,-5.07%,14.56B,7.62,14.74%,-0.53%,226.69M,-3.06%,1.79B,0.62,1.51,103.43%,4.46%,8.60%,19.71B,0.74,15.98%,-1.43%,2.78,-3.09%,37.42,1.70,7.46%,10.10M,-19.39%,6.86,9.25,14.94%,17.57%,51.47 - 85.56,4.90%,-,9.01,12.60%,10.48%,-25.85%,1.60,-,1.07,7.10%,18.54%,23.27%,1.96,"Feb 04, 2020",1.53,-33.56%,11.10%,46.84,3.49% 2.71%,141000,1.01,-1.69%,9.07%,1.65,81.67,Yes / Yes,0.94,-64.63%,0.00%,0.64,62.17,0.05%,6.00%,-0.24%,Feb 06 BMO,3.64M,63.44,-2.82%,-0.06%,-4.35%,,"555,245",2.05%,APTV
RUT,10.11,7.30,1.88%,23.29M,-1.93%,1.71B,7.96,48.98%,-3.04%,22.72M,-21.28%,173.16M,0.52,0.52,102.56%,6.52%,-34.16%,4.18B,0.41,-0.88%,-0.49%,4.74,-25.33%,56.44,1.31,7.05%,1.48M,-45.15%,6.79,10.87,19.58%,13.56%,70.96 - 153.60,-20.92%,0.44 (0.60%),37.26,36.95%,10.63%,-51.95%,1.59,0.48 (0.65%),1.01,8.51%,8.38%,4.00%,3.53,"Feb 11, 2025",1.01,40.21%,3.71%,28.22,4.24% 4.50%,14000,0.31,-5.61%,4.14%,2.21,105.92,Yes / Yes,0.24,-38.57%,6.60%,0.80,73.03,0.67%,26.63%,-8.07%,Jan 31 BMO,312.57K,73.80,-8.17%,-17.85%,-28.44%,,"60,194",1.05%,ARCB
-,11.52,0.69,42.48%,210.66M,-0.87%,1.68B,9.84,14.00%,0.00%,121.18M,-4.77%,148.76M,1.28,0.15,51.03%,1.02%,-0.37%,4.47B,0.38,0.35%,0.65%,0.92,-3.03%,2.43,3.29,5.03%,1.24M,-33.14%,0.66,12.15,9.02%,29.07%,7.02 - 11.88,9.75%,0.19 (2.32%),-,12.81%,7.18%,-32.74%,0.68,0.24 (3.00%),0.57,12.01%,14.63%,13.82%,0.28,"Mar 24, 2025",0.61,-17.95%,7.13%,51.18,4.01% 3.30%,100795,3.39,3.19%,3.33%,1.29,10.57,Yes / Yes,3.08,-,33.98%,1.90,7.92,-0.69%,31.15%,-2.66%,Mar 12 BMO,1.35M,7.99,-0.65%,2.57%,-7.64%,,"616,728",0.88%,ARCO
RUT,9.29,1.47,83.99%,142.75M,-6.19%,1.95B,6.86,6.36%,0.02%,22.86M,-5.73%,210.34M,0.87,0.23,11.18%,4.37%,-18.00%,5.97B,0.33,18.65%,6.28%,2.51,-26.14%,7.93,1.73,4.03%,1.00M,-,3.90,3.51,10.64%,23.34%,13.21 - 20.72,-19.92%,-,15.31,-,6.26%,-33.99%,-,-,1.82,7.02%,97.55%,3.54%,0.71,-,1.94,290.04%,6.99%,41.91,5.58% 4.66%,24900,2.02,10.29%,3.53%,1.40,20.60,Yes / Yes,1.97,2858.62%,0.00%,0.43,13.26,8.23%,70.06%,19.33%,Feb 26 AMC,397.98K,13.68,-5.33%,-7.99%,-18.06%,,"41,464",3.15%,ARDT
-,8.96,2.77,30.91%,128.06M,0.04%,3.19B,7.88,24.02%,-0.13%,88.73M,-5.05%,354.62M,1.22,0.59,18.01%,3.98%,-3.23%,2.45B,1.30,-8.21%,2.65%,9.34,7.58%,14.31,1.74,12.43%,3.53M,26.67%,1.07,23.29,7.33%,19.34%,19.28 - 30.56,-5.52%,2.80 (11.27%),8.52,-1.99%,15.44%,-18.72%,0.68,2.80 (11.27%),1.68,8.30%,20.72%,28.84%,0.65,"Feb 07, 2025",2.20,-42.35%,17.37%,36.60,2.21% 2.25%,3653,0.27,-4.60%,14.48%,1.00,29.50,Yes / Yes,0.25,-85.26%,100.97%,0.30,24.47,-6.87%,-82.09%,-5.65%,Feb 03 BMO,378.12K,24.84,-3.66%,-7.24%,-2.34%,,"27,204",1.53%,ARLP
RUT,14.71,1.77,3.05%,16.74M,-1.23%,436.46M,9.04,12.04%,-1.61%,16.23M,-2.12%,29.71M,-,0.59,51.22%,0.54%,-17.14%,223.07M,1.96,25.61%,-19.74%,2.20,-6.47%,23.94,1.09,0.70%,0.09M,5.35%,-,-,-,7.61%,21.50 - 34.63,-9.18%,1.10 (4.24%),56.46,-4.45%,6.84%,-24.70%,0.70,1.10 (4.22%),-,10.23%,-,21.28%,0.73,"Feb 10, 2025",0.22,0.52%,16.75%,43.26,2.64% 2.71%,537,0.08,16.37%,13.32%,3.00,30.25,Yes / Yes,0.08,-41.22%,61.58%,0.16,25.88,-10.64%,-19.41%,6.41%,Jan 30 BMO,40.00K,26.08,-1.33%,-2.89%,-8.20%,,"1,535",0.75%,AROW
-,14.22,7.28,0.81%,52.17M,-5.34%,5.40B,6.67,52.45%,0.31%,51.75M,-3.10%,392.07M,0.66,1.43,105.80%,6.74%,-13.89%,27.92B,0.19,-3.56%,0.11%,6.89,-16.76%,110.43,0.94,1.80%,3.49M,-15.90%,3.62,28.60,21.67%,6.78%,101.78 - 137.80,-8.50%,-,5.20,-,4.49%,-24.89%,1.17,-,1.08,0.12%,11.21%,1.69%,2.77,"Dec 17, 1986",1.46,-54.03%,3.26%,37.84,2.96% 2.45%,21520,0.59,-15.66%,1.40%,3.29,112.50,Yes / Yes,0.52,-47.28%,0.00%,0.24,101.93,3.17%,10.93%,-7.21%,Feb 06 BMO,506.13K,103.50,-3.93%,-6.97%,-15.24%,,"29,501",1.55%,ARW
RUT,3.19,3.06,5.07%,40.46M,-1.01%,395.24M,7.54,7.64%,0.00%,38.41M,-15.34%,128.61M,-,0.16,72.50%,5.72%,-17.48%,405.78M,0.97,-57.61%,-2.16%,2.85,-42.46%,15.02,0.65,18.95%,2.20M,-38.40%,1.16,8.41,-12.48%,21.87%,8.83 - 23.44,-19.59%,0.47 (4.77%),4.03,-,19.06%,-58.32%,0.14,0.95 (9.72%),3.86,21.20%,38.53%,10.65%,0.42,"Feb 28, 2025",4.24,-11.25%,31.61%,41.54,3.54% 4.72%,936,0.07,46.10%,31.69%,1.80,14.30,Yes / Yes,0.06,-80.52%,35.31%,0.38,9.85,64.96%,20.48%,-17.03%,Feb 13 BMO,770.49K,9.77,-0.28%,-12.14%,-38.14%,,"69,697",-0.81%,ASC
RUT,14.73,1.62,4.27%,26.74M,-9.32%,637.31M,5.11,17.83%,-2.55%,25.60M,-19.63%,44.15M,-,0.86,89.99%,1.28%,-24.45%,1.52B,0.42,101.79%,2.31%,2.31,-12.29%,28.97,0.82,2.75%,0.33M,-11.02%,0.73,32.58,-,5.83%,20.86 - 33.00,-16.36%,-,377.11,2.51%,4.08%,-27.79%,1.62,0.64 (2.69%),0.49,5.60%,10.08%,14.24%,1.00,"Mar 10, 2025",1.08,-16.57%,3.88%,26.42,4.13% 3.87%,1450,0.45,-1.05%,2.91%,1.50,39.50,Yes / Yes,0.40,106.83%,39.51%,0.41,23.56,-12.75%,124.66%,-13.90%,Feb 21 BMO,141.97K,23.83,-12.33%,-17.48%,-15.35%,,"13,960",1.15%,ASIX
RUT,7.24,6.08,1.39%,70.92M,-10.56%,3.06B,6.74,10.57%,-0.12%,68.43M,-16.32%,452.98M,3.46,1.83,111.56%,12.90%,-16.24%,6.05B,0.51,-15.08%,5.87%,5.52,-19.50%,27.66,1.59,9.05%,8.83M,-34.53%,4.27,10.33,2.09%,24.13%,43.16 - 74.26,-23.45%,0.42 (0.95%),7.09,95.10%,12.52%,-40.69%,1.28,0.44 (1.00%),0.32,6.89%,32.22%,2.04%,2.10,"Mar 25, 2025",1.57,-6.60%,9.72%,29.74,5.91% 4.10%,22000,0.91,-0.98%,7.49%,2.10,62.79,Yes / Yes,0.84,-30.30%,5.37%,0.59,43.82,-3.01%,-22.59%,-3.90%,Mar 20 BMO,1.60M,44.04,-10.49%,-15.75%,-17.51%,,"224,887",0.50%,ASO
RUT,6.21,10.33,1.43%,34.40M,-1.13%,2.21B,9.77,5.46%,-21.85%,33.91M,-7.59%,376.19M,-,1.41,110.01%,6.36%,-27.95%,3.07B,0.72,-57.00%,1.87%,3.18,-22.52%,43.82,1.46,12.76%,2.16M,-62.49%,9.02,7.11,-19.52%,25.00%,55.91 - 194.98,-23.14%,0.65 (1.01%),6.93,34.97%,15.47%,-67.10%,1.97,1.28 (2.00%),1.96,14.51%,29.55%,14.72%,2.91,"Feb 18, 2025",3.03,-38.33%,16.88%,43.74,3.78% 4.06%,5600,0.63,-12.01%,12.27%,2.17,77.67,Yes / Yes,0.61,-63.82%,7.57%,0.41,62.57,-2.67%,4.92%,-17.14%,Feb 04 BMO,677.72K,64.14,-0.40%,-12.64%,-33.89%,,"67,419",2.51%,ATKR
RUT,10.73,4.45,66.85%,14.74M,3.60%,703.34M,5.85,35.71%,-0.21%,4.89M,-18.25%,81.04M,-,1.32,17.03%,3.45%,-20.80%,1.27B,0.56,25.97%,13.92%,2.79,55.04%,31.06,1.54,3.77%,0.17M,57.23%,26.10,1.83,-,23.25%,23.09 - 64.70,-14.45%,-,1.47,49.85%,3.07%,-26.24%,2.23,-,-,26.79%,91.18%,106.62%,3.20,"Dec 29, 2009",-,5.87%,21.90%,41.64,8.34% 6.08%,386,4.63,13.55%,6.40%,1.57,69.33,No / Yes,4.30,23.01%,0.00%,0.93,43.71,-0.51%,11.73%,19.10%,Mar 13 AMC,60.60K,47.72,-8.42%,-13.82%,12.48%,,"13,494",9.17%,ATLC
-,13.42,3.53,0.90%,86.33M,-6.17%,4.09B,8.46,64.78%,0.00%,85.73M,-4.90%,317.71M,2.47,0.71,104.85%,6.59%,-11.88%,22.48B,0.18,-36.40%,4.87%,6.69,-5.55%,56.11,0.84,2.55%,5.65M,0.21%,1.99,23.78,5.44%,6.45%,45.50 - 59.24,-9.54%,1.31 (2.76%),3.76,27.82%,4.19%,-20.10%,1.07,1.30 (2.75%),1.15,4.85%,11.19%,4.01%,1.24,"Mar 05, 2025",2.39,-51.31%,3.21%,35.73,3.00% 2.43%,15462,0.58,-12.21%,1.41%,3.14,52.25,Yes / Yes,0.56,-23.12%,22.83%,0.52,46.61,1.43%,-2.29%,-8.73%,Jan 29 BMO,844.47K,47.33,-5.47%,-7.46%,-10.42%,,"105,893",1.54%,AVT
RUT,8.39,7.44,9.45%,57.10M,-3.46%,3.56B,8.35,3.69%,-2.82%,51.70M,-11.17%,432.62M,-,1.74,84.04%,7.55%,-21.51%,1.96B,1.82,-5.85%,-0.95%,8.73,1.60%,44.17,1.41,1.91%,3.90M,22.71%,-,-,-,18.81%,44.10 - 88.46,-10.65%,-,10.46,25.29%,14.71%,-29.45%,1.35,-,-,24.66%,-,41.52%,1.92,-,0.90,10.56%,31.13%,32.27,3.21% 2.96%,1781,0.22,26.87%,22.10%,1.50,85.00,Yes / Yes,0.17,-31.37%,0.00%,0.44,61.63,1.56%,2.93%,13.48%,Jan 28 AMC,447.31K,62.41,-4.75%,-8.96%,-7.32%,,"47,527",1.27%,AX
-,7.51,12.34,3.84%,82.98M,0.84%,7.49B,7.56,10.07%,-58.50%,77.68M,3.59%,1.05B,1.02,2.76,91.57%,1.88%,4.09%,5.97B,1.26,-0.40%,-1.21%,2.16,22.70%,66.75,1.39,3.67%,1.46M,49.03%,-,-,7.39%,19.06%,60.44 - 98.11,4.62%,1.89 (2.04%),4.17,29.99%,13.91%,-5.50%,0.72,1.32 (1.42%),-,3.23%,-,53.38%,2.10,"Mar 31, 2025",0.74,206.71%,17.95%,50.72,2.62% 2.19%,1876,0.24,6.10%,17.62%,1.80,107.88,Yes / Yes,0.24,291.81%,14.09%,0.52,91.60,-3.35%,15.40%,3.53%,Jan 29 AMC,676.53K,92.71,-0.58%,1.76%,13.22%,,"84,733",1.21%,AXS
S&P 500,12.65,3.21,0.20%,7.61B,-1.80%,309.17B,9.30,18.11%,-85.80%,7.59B,-12.02%,25.50B,0.85,0.81,74.86%,1.03%,-11.14%,198.93B,1.55,15.27%,3.84%,2.09,4.24%,35.79,1.14,0.84%,78.49M,13.06%,-,-,14.91%,9.24%,34.15 - 48.08,-7.50%,1.09 (2.67%),7.54,3.14%,4.55%,-15.44%,1.27,1.02 (2.51%),-,13.55%,-,19.05%,1.25,"Mar 07, 2025",0.95,4.94%,14.84%,34.29,3.10% 2.65%,213000,2.26,13.06%,12.82%,1.48,53.33,Yes / Yes,0.90,131.76%,31.12%,1.04,39.67,0.92%,6.60%,7.56%,Jan 22 BMO,37.51M,40.65,-6.02%,-9.75%,-4.32%,,"9,381,750",2.48%,BAC
-,10.73,1.74,0.11%,204.24M,-0.69%,3.82B,10.48,27.84%,0.00%,204.01M,-3.61%,355.90M,-,0.47,6.92%,0.57%,12.52%,5.40B,0.71,-1.08%,28.41%,1.31,71.09%,12.25,1.53,3.26%,1.17M,199.36%,-,-,-,16.83%,6.34 - 25.01,-1.89%,0.37 (1.97%),1.17,12.50%,13.05%,-25.23%,1.21,0.00 (0.00%),-,34.11%,-,194.92%,1.25,"Aug 02, 2024",0.48,-16.07%,34.71%,47.06,6.52% 6.59%,6289,0.14,-40.21%,6.59%,1.67,28.67,Yes / Yes,0.09,-55.49%,10.74%,0.37,18.18,-,-63.91%,-63.80%,Mar 05 AMC,889.92K,18.70,-0.75%,-9.55%,33.51%,,"78,719",2.86%,BBAR
-,7.05,0.30,0.00%,5.29B,3.14%,11.30B,5.05,16.85%,-,5.29B,2.81%,3.21B,0.49,0.08,18.01%,2.92%,5.25%,56.03B,0.20,13.32%,-,3.38,-20.49%,2.57,0.83,0.88%,154.23M,-19.98%,-,-,14.48%,10.44%,1.79 - 2.87,15.17%,0.19 (8.77%),0.35,-10.85%,4.76%,-25.59%,0.62,0.05 (2.24%),-,0.27%,-,19.55%,0.07,"Mar 07, 2025",0.39,13.58%,7.31%,59.39,2.98% 2.90%,84022,4.04,-8.55%,5.73%,1.00,3.90,Yes / Yes,1.47,146.32%,10.46%,1.36,2.04,10.37%,-0.23%,-8.67%,Feb 10 AMC,45.61M,2.13,4.15%,5.58%,-6.25%,,"14,879,931",4.66%,BBD
-,7.68,1.87,0.00%,5.76B,1.31%,82.52B,8.10,4.00%,-,5.76B,15.33%,10.77B,4.31,0.41,3.41%,0.04%,43.21%,89.83B,0.92,-2.82%,-7.67%,0.91,44.36%,10.01,1.43,1.30%,2.25M,28.22%,-,-,1.78%,18.77%,9.23 - 14.28,47.48%,0.84 (5.83%),2.32,28.33%,6.90%,0.39%,0.97,0.73 (5.12%),-,17.13%,-,55.31%,0.37,"Oct 09, 2024",0.28,28.90%,27.63%,70.70,1.89% 1.93%,125916,2.76,30.24%,11.99%,2.00,13.63,Yes / Yes,1.71,19.71%,34.15%,0.61,13.80,9.51%,7.16%,37.56%,Jan 30 BMO,2.49M,14.34,7.09%,19.62%,34.99%,,"364,865",3.88%,BBVA
RUT,9.37,3.81,4.04%,13.44M,-9.61%,480.34M,8.40,8.40%,-32.08%,12.90M,-4.74%,51.78M,-,0.87,84.89%,11.82%,-13.55%,496.40M,0.97,3.30%,-2.11%,5.36,19.97%,9.56,3.74,17.65%,1.52M,45.76%,2.07,17.30,-,38.54%,23.63 - 48.23,-22.37%,0.80 (2.24%),11.33,192.66%,24.75%,-25.90%,1.07,0.80 (2.24%),0.71,13.55%,54.90%,51.25%,2.09,"Mar 27, 2025",1.59,6.81%,13.35%,34.47,7.55% 5.03%,4550,0.70,2.12%,10.43%,1.00,54.33,Yes / Yes,0.50,3.46%,21.05%,1.04,35.35,1.88%,7.46%,0.78%,Mar 13 BMO,284.49K,35.74,-8.41%,-11.56%,3.93%,,"70,973",1.10%,BBW
-,7.09,4.10,1.24%,216.58M,-10.82%,6.30B,7.28,10.76%,0.22%,213.90M,-19.28%,924.00M,0.67,0.42,98.10%,2.80%,-24.50%,7.43B,0.85,9.65%,-2.82%,1.51,7.78%,-8.06,-,18.07%,6.00M,-36.19%,3.11,9.35,10.52%,-,26.20 - 52.99,-24.97%,0.84 (2.90%),9.80,3.75%,27.30%,-45.10%,1.72,0.80 (2.75%),0.88,-7.02%,43.97%,11.01%,1.81,"Feb 21, 2025",1.48,28.60%,17.26%,28.46,7.04% 4.89%,57157,-,0.35%,12.43%,1.63,46.41,Yes / Yes,-,-18.16%,20.87%,0.84,28.45,0.42%,2.21%,-4.26%,Feb 27 BMO,3.97M,29.09,-17.74%,-20.18%,-17.72%,,"801,734",2.25%,BBWI
RUT,9.97,0.98,13.06%,17.06M,-0.81%,168.19M,6.06,39.77%,-0.39%,14.92M,-4.30%,16.79M,-,0.22,37.89%,0.64%,-23.38%,196.94M,0.85,-11.22%,0.18%,1.65,-17.72%,17.54,0.56,0.50%,0.10M,-3.64%,-,-,-,5.84%,9.19 - 14.04,-17.23%,0.64 (6.53%),6.47,-3.82%,2.01%,-30.20%,0.54,0.64 (6.53%),-,10.19%,-,6.70%,0.30,"Feb 07, 2025",0.23,-42.11%,13.34%,39.44,3.38% 2.71%,312,1.58,2.34%,8.53%,2.50,13.19,Yes / Yes,1.58,-54.06%,64.86%,0.86,9.68,-6.17%,-16.52%,-10.08%,Jan 28 BMO,58.24K,9.80,-1.68%,-8.50%,-15.25%,,"11,908",1.24%,BCBP
RUT,10.20,9.55,1.57%,38.18M,-4.09%,3.70B,9.96,18.18%,-2.90%,37.34M,-17.91%,376.35M,3.47,1.44,99.58%,2.95%,-31.57%,6.72B,0.55,-13.43%,-0.10%,3.05,-20.17%,56.34,1.73,11.02%,1.10M,-21.33%,18.80,5.18,2.94%,17.32%,95.33 - 155.42,-18.00%,0.84 (0.86%),17.71,35.94%,14.11%,-37.29%,1.52,0.82 (0.84%),1.92,9.67%,17.65%,2.23%,3.56,"Feb 24, 2025",3.34,-21.20%,7.32%,28.84,3.48% 3.60%,7560,0.25,-1.67%,5.60%,2.12,126.33,Yes / Yes,0.24,-27.01%,8.57%,0.31,96.38,-0.12%,-0.56%,-4.67%,Feb 20 AMC,360.48K,97.46,-7.06%,-16.14%,-23.54%,,"26,670",1.12%,BCC
-,5.58,2.77,5.36%,3.60B,-2.98%,55.51B,6.04,21.84%,0.00%,3.40B,0.49%,6.80B,0.33,0.57,6.72%,0.36%,16.28%,34.23B,1.62,16.49%,8.73%,0.60,34.60%,20.78,0.74,0.36%,12.12M,67.73%,-,-,17.17%,9.14%,8.94 - 16.33,16.37%,0.46 (2.96%),-,20.33%,3.17%,-5.27%,1.12,0.43 (2.76%),-,14.12%,-,72.99%,0.53,"Feb 28, 2025",1.99,35.39%,30.96%,52.34,3.25% 2.85%,91300,2.85,8.58%,19.85%,1.68,17.86,Yes / Yes,1.87,3470.96%,22.56%,0.67,15.03,-2.36%,31.25%,28.51%,Feb 13 BMO,20.21M,15.47,-0.16%,4.95%,21.23%,,"3,252,832",2.89%,BCS
RUT,8.84,5.52,2.74%,49.10M,0.33%,2.40B,5.15,36.50%,0.07%,47.75M,-20.34%,276.00M,0.60,2.24,100.62%,7.84%,-24.08%,4.79B,0.50,-8.60%,-3.59%,4.99,4.43%,62.14,0.79,1.20%,3.74M,33.15%,-,-,14.63%,9.31%,32.10 - 66.71,-20.01%,0.86 (1.76%),1.32,-,5.02%,-26.79%,1.59,0.84 (1.72%),-,-1.25%,-,52.15%,2.28,"Feb 14, 2025",0.09,-61.20%,7.96%,32.64,4.76% 4.10%,6000,1.86,-3.06%,5.77%,2.53,70.92,Yes / Yes,0.80,-84.14%,15.28%,0.89,47.55,-3.48%,76.34%,-7.97%,Jan 30 BMO,749.68K,48.84,-8.15%,-16.28%,-8.63%,,"159,295",2.71%,BFH
RUT,10.69,2.27,6.64%,29.55M,-3.21%,715.96M,8.11,12.84%,-2.92%,27.59M,-11.61%,59.71M,-,0.60,44.99%,0.79%,-14.81%,457.76M,1.56,6.35%,8.74%,2.04,-1.24%,24.62,0.98,0.90%,0.22M,9.38%,-,-,-,9.02%,18.97 - 30.30,-5.73%,0.58 (2.41%),11.96,5.36%,4.98%,-20.04%,0.75,0.56 (2.31%),-,32.95%,-,27.71%,0.70,"Feb 14, 2025",0.10,-12.79%,18.15%,33.12,2.83% 2.41%,859,0.64,18.42%,13.04%,1.20,33.10,Yes / Yes,0.50,-10.24%,24.81%,0.14,23.92,3.79%,35.80%,25.21%,Jan 23 AMC,106.28K,24.23,-5.81%,-6.77%,-2.82%,,"3,466",1.28%,BFST
S&P 500,9.09,8.08,0.98%,133.96M,-2.76%,9.85B,8.33,13.02%,0.00%,132.65M,6.44%,1.14B,-,1.31,89.06%,2.95%,-13.22%,53.11B,0.19,-14.98%,-0.96%,2.34,-23.34%,74.00,0.99,4.52%,3.91M,-21.52%,28.45,2.58,-0.83%,10.95%,67.40 - 114.92,-5.46%,2.76 (3.76%),17.59,-,7.48%,-36.03%,0.58,2.72 (3.70%),1.24,6.98%,6.57%,9.07%,2.16,"Feb 18, 2025",2.15,-45.77%,3.23%,49.03,3.15% 2.87%,23000,0.72,-10.78%,2.14%,2.00,87.00,Yes / Yes,0.53,4.10%,34.02%,0.51,73.59,-0.43%,-5.04%,-9.30%,Feb 05 BMO,1.67M,73.51,0.71%,-1.90%,-19.49%,,"205,173",-0.10%,BG
-,10.48,5.17,1.09%,58.63M,-0.05%,3.15B,2.42,11.65%,-14.14%,57.43M,-7.36%,286.00M,1.66,4.73,74.45%,1.48%,11.83%,4.72B,0.67,-6.34%,2.45%,1.20,31.67%,84.58,0.64,0.16%,0.85M,14.77%,-,-,6.30%,7.84%,40.00 - 64.12,12.79%,-,-,-,3.52%,-15.50%,0.95,-,-,-3.08%,-,35.46%,2.31,-,8.58,129.21%,12.15%,44.61,5.49% 4.18%,1400,0.64,14.74%,6.05%,3.50,63.56,Yes / Yes,0.64,173.46%,0.00%,0.18,53.30,1.59%,16.81%,-13.93%,Feb 11 AMC,711.58K,54.18,-5.62%,-1.75%,11.73%,,"30,689",1.66%,BHF
-,10.05,9.35,0.00%,279.91M,-0.83%,26.31B,8.41,10.29%,-,279.90M,0.72%,3.30B,1.79,2.01,25.39%,2.56%,5.38%,18.50B,1.42,-4.53%,-0.17%,1.52,11.98%,102.00,0.92,5.70%,7.16M,-10.70%,68.10,1.38,5.63%,9.37%,77.19 - 116.25,11.51%,-,-,61.93%,7.52%,-19.13%,0.30,-,2.19,4.04%,50.34%,21.78%,3.81,-,2.09,19.69%,15.98%,55.82,3.98% 3.82%,39800,0.30,-2.60%,17.85%,1.83,109.82,Yes / Yes,0.22,169.13%,0.00%,1.22,94.26,2.91%,34.13%,-1.83%,Feb 18 BMO,4.70M,94.01,3.50%,6.67%,4.67%,,"1,378,179",-0.26%,BIDU
S&P 500,13.92,5.81,0.31%,717.68M,-5.84%,58.03B,10.58,10.69%,-1.83%,715.78M,-5.27%,4.34B,1.03,1.51,88.76%,1.49%,0.25%,39.74B,1.46,19.00%,0.32%,2.48,18.68%,51.52,1.57,1.10%,10.69M,46.63%,-,-,13.53%,11.02%,52.64 - 90.34,5.20%,1.95 (2.42%),-,5.14%,6.20%,-10.53%,1.04,1.83 (2.26%),-,17.60%,-,53.54%,2.13,"Jan 27, 2025",1.60,46.36%,14.04%,37.99,3.31% 2.47%,51800,1.62,17.56%,10.91%,1.89,94.21,Yes / Yes,0.69,364.45%,30.71%,0.81,79.66,4.01%,-0.05%,8.95%,Jan 15 BMO,4.32M,80.82,-5.69%,-3.68%,10.48%,,"841,585",1.46%,BK
RUT,9.14,3.94,39.45%,50.77M,-6.05%,1.83B,9.12,3.91%,-1.39%,30.74M,-15.18%,197.85M,-,0.69,61.57%,9.45%,-27.81%,1.22B,1.50,-2.21%,-0.06%,5.68,-8.79%,9.62,3.75,20.85%,2.91M,-1.27%,6.41,5.62,-,41.12%,33.18 - 51.62,-25.48%,3.80 (10.54%),9.69,17.49%,26.87%,-30.21%,0.94,1.40 (3.89%),1.67,10.35%,48.61%,8.58%,1.36,"Jan 15, 2025",2.37,-13.89%,19.79%,26.24,3.81% 3.09%,8000,0.67,-4.66%,16.21%,3.00,43.00,Yes / Yes,0.51,-15.28%,31.80%,1.03,35.15,-0.00%,10.42%,-3.24%,Mar 14 BMO,511.26K,36.03,-8.48%,-18.15%,-13.58%,,"126,519",2.50%,BKE
"NDX, S&P 500",14.31,2.98,0.13%,989.65M,-0.61%,42.21B,14.24,15.68%,-13.02%,988.85M,-8.15%,2.98B,1.15,0.48,94.63%,2.09%,3.44%,27.83B,1.52,10.08%,0.51%,2.80,29.45%,17.07,2.50,7.91%,20.64M,35.37%,4.69,9.08,12.46%,18.47%,30.93 - 49.40,3.92%,0.91 (2.14%),20.55,66.90%,12.76%,-13.71%,1.08,0.86 (2.02%),0.94,3.75%,20.99%,37.82%,1.37,"Feb 11, 2025",1.32,55.56%,12.16%,44.48,3.77% 2.98%,57000,0.40,9.10%,10.70%,1.62,52.61,Yes / Yes,0.38,171.56%,28.23%,0.29,41.74,4.17%,12.14%,7.74%,Jan 30 AMC,7.36M,42.63,-2.74%,-4.53%,9.66%,,"510,597",2.12%,BKR
RUT,10.95,3.08,0.99%,74.75M,2.06%,2.52B,9.27,11.60%,-1.92%,74.01M,-16.12%,267.05M,1.35,0.75,100.41%,3.34%,-18.09%,2.02B,1.25,5.81%,-0.15%,3.24,-3.32%,37.65,0.90,0.75%,2.47M,23.60%,-,-,8.09%,9.90%,24.34 - 44.45,-11.63%,1.17 (3.47%),5.81,-0.32%,7.39%,-24.12%,1.21,1.16 (3.44%),-,9.48%,-,38.58%,1.25,"Jan 10, 2025",0.06,30.07%,15.64%,36.15,4.20% 3.12%,1662,1.33,3.42%,13.20%,2.56,44.14,Yes / Yes,0.28,245.08%,37.65%,0.60,32.97,1.05%,25.78%,-1.31%,Jan 22 BMO,763.63K,33.73,-6.71%,-12.00%,-7.07%,,"110,317",2.31%,BKU
RUT,10.61,3.23,1.58%,32.11M,1.09%,1.10B,7.84,10.84%,-13.70%,31.60M,-3.92%,108.12M,1.23,0.95,109.16%,19.38%,-14.30%,1.34B,0.82,14.08%,16.47%,8.65,-28.40%,5.60,6.13,22.37%,6.12M,4.04%,4.24,8.09,8.62%,84.71%,30.67 - 59.40,-11.23%,-,9.15,28.64%,40.26%,-42.27%,1.34,-,0.73,8.31%,18.73%,11.80%,1.67,-,1.44,75.70%,10.01%,46.07,4.95% 4.87%,1948,0.52,10.59%,8.05%,1.43,53.00,Yes / Yes,0.49,6.77%,0.00%,0.33,33.51,1.79%,16.03%,-1.19%,Feb 05 AMC,708.01K,34.29,-0.69%,-7.62%,-23.21%,,"55,723",2.33%,BLBD
-,14.69,20.32,0.81%,29.37M,-3.08%,8.73B,13.00,11.25%,-0.75%,28.99M,-7.25%,622.60M,1.69,4.45,98.85%,3.10%,-18.57%,5.33B,1.64,-1.88%,-13.14%,2.67,-18.16%,75.24,3.97,12.33%,0.90M,-26.43%,13.70,21.80,8.69%,26.09%,288.31 - 495.68,-4.11%,-,12.35,29.57%,16.97%,-39.77%,1.77,-,1.55,16.37%,30.49%,3.55%,11.09,-,2.08,5.15%,17.16%,40.55,4.10% 3.73%,13984,0.71,2.60%,11.68%,1.67,378.30,Yes / Yes,0.66,10.93%,0.00%,1.12,295.18,-0.15%,1.62%,2.03%,Feb 25 BMO,336.01K,298.56,-2.63%,-7.51%,-19.69%,,"90,283",1.14%,BLD
S&P 500,13.78,9.04,2.18%,113.58M,-7.36%,14.16B,10.81,18.79%,-1.23%,111.14M,-17.35%,1.08B,1.82,1.43,96.76%,3.74%,-27.02%,16.40B,0.86,-16.04%,-1.34%,2.40,-26.70%,37.83,3.29,9.99%,4.15M,-37.59%,1.35,92.16,7.57%,23.88%,122.49 - 214.70,-12.82%,-,9.49,36.74%,12.65%,-41.96%,1.98,-,1.09,27.08%,32.82%,1.73%,5.36,-,1.77,-24.71%,9.73%,28.68,4.51% 3.94%,29000,1.01,-4.08%,6.57%,1.63,179.44,Yes / Yes,0.98,-41.91%,0.00%,0.76,122.80,-1.81%,9.25%,-7.96%,Feb 20 BMO,1.73M,124.61,-8.99%,-16.51%,-23.69%,,"315,529",1.47%,BLDR
RUT,6.99,5.47,25.79%,36.32M,-3.31%,1.31B,6.34,5.69%,0.00%,26.96M,1.65%,205.87M,-,-,18.93%,0.33%,8.51%,830.54M,1.58,2.05%,-1.69%,0.69,27.65%,35.85,1.07,1.82%,0.09M,33.81%,-,-,-,16.20%,27.37 - 42.88,7.59%,2.37 (6.19%),7.77,20.84%,4.97%,-10.75%,0.83,2.12 (5.55%),-,38.05%,-,39.82%,1.17,"Mar 10, 2025",0.90,23.05%,24.74%,47.94,3.01% 2.93%,268,3.43,16.62%,24.79%,1.00,47.25,Yes / Yes,2.10,10.26%,35.69%,0.23,37.67,-,-,1.52%,Feb 27 AMC,129.92K,38.27,-2.00%,0.41%,14.16%,,"7,133",1.59%,BLX
-,12.53,7.70,0.05%,728.76M,-2.07%,70.30B,10.42,16.21%,0.00%,728.37M,-2.24%,5.62B,0.94,1.75,49.11%,1.22%,-4.24%,58.42B,1.20,15.49%,2.22%,14.46,14.37%,75.58,1.28,0.59%,8.90M,2.05%,-,-,13.33%,10.01%,76.98 - 106.00,-0.60%,4.46 (4.63%),5.11,1.38%,6.55%,-8.99%,0.94,4.44 (4.60%),-,16.67%,-,25.32%,2.06,"Apr 29, 2025",0.57,47.12%,12.68%,41.42,2.27% 1.91%,53597,1.87,8.31%,9.62%,2.29,106.69,Yes / Yes,0.42,56.23%,64.25%,0.54,94.92,6.87%,26.27%,2.93%,Feb 25 BMO,615.59K,96.47,-3.38%,-2.78%,5.17%,,"79,981",1.63%,BMO
-,13.44,3.55,0.05%,1.25B,-1.35%,59.39B,8.60,13.84%,0.00%,1.24B,-6.57%,4.55B,1.70,1.11,45.57%,1.92%,-14.59%,54.41B,1.09,5.89%,-3.77%,14.61,-7.87%,41.34,1.15,0.48%,23.94M,-4.61%,-,-,7.90%,8.34%,43.67 - 57.07,-11.23%,2.98 (6.26%),31.72,-2.89%,5.30%,-16.44%,1.00,3.08 (6.47%),-,11.72%,-,9.18%,0.83,"Apr 01, 2025",0.61,-19.43%,10.28%,31.90,1.58% 1.61%,88488,2.77,1.60%,8.36%,2.60,55.42,Yes / Yes,0.46,-62.42%,71.35%,0.30,47.21,5.06%,6.18%,-4.94%,Feb 25 BMO,1.64M,47.69,-3.24%,-5.88%,-5.65%,,"118,749",1.01%,BNS
-,12.32,8.14,60.28%,64.12M,-2.09%,6.44B,10.85,7.31%,-0.01%,25.51M,-8.66%,518.58M,1.42,1.98,34.25%,1.29%,-14.25%,3.50B,1.84,5.86%,0.33%,2.46,-0.50%,86.53,1.16,1.04%,0.33M,16.46%,-,-,8.68%,9.70%,85.02 - 121.58,-5.78%,2.26 (2.25%),6.70,2.97%,8.64%,-17.51%,0.94,2.24 (2.23%),-,11.60%,-,17.97%,2.62,"Feb 12, 2025",0.17,1.47%,18.57%,35.33,2.58% 2.25%,5056,0.85,11.17%,14.82%,2.38,125.50,Yes / Yes,0.08,65.12%,27.29%,0.30,99.10,0.51%,6.63%,4.47%,Jan 17 AMC,133.54K,100.29,-4.91%,-7.27%,-4.21%,,"9,572",1.21%,BOKF
RUT,7.21,0.30,9.62%,244.93M,-11.41%,526.13M,13.65,-34.40%,0.00%,222.73M,-33.07%,82.10M,1.14,-0.03,87.97%,7.74%,-43.37%,1.01B,0.52,-25.47%,-3.04%,2.99,-59.18%,4.06,0.53,2.53%,17.25M,-66.74%,0.25,8.42,6.33%,8.30%,2.08 - 7.26,-45.26%,0.10 (4.80%),-,-,2.75%,-70.59%,2.22,0.24 (11.24%),1.33,31.51%,41.86%,2.89%,0.17,"Mar 03, 2025",1.16,281.37%,36.99%,24.87,7.70% 6.76%,2869,2.12,30.97%,8.12%,1.22,4.41,Yes / Yes,2.01,-6.01%,73.35%,0.74,2.13,5.79%,2.67%,19.27%,Feb 19 AMC,5.77M,2.13,-16.97%,-32.76%,-55.90%,,"1,017,663",0.23%,BORR
-,10.42,8.56,2.21%,70.14M,-4.43%,6.21B,7.49,19.49%,-2.84%,68.07M,-12.99%,612.80M,0.88,2.20,90.66%,1.51%,-9.05%,4.35B,1.43,10.56%,-1.08%,1.99,-7.32%,79.71,1.12,0.85%,1.03M,5.66%,-,-,11.79%,11.42%,80.60 - 106.81,-5.17%,2.81 (3.15%),13.67,7.82%,9.49%,-16.49%,0.67,2.56 (2.87%),-,52.18%,-,10.67%,2.89,"Mar 18, 2025",0.15,13.73%,18.31%,30.54,3.70% 3.12%,9231,0.23,13.68%,14.09%,1.78,114.56,Yes / Yes,0.15,91.34%,29.92%,0.66,87.83,2.19%,22.64%,19.31%,Jan 28 BMO,517.98K,89.20,-7.89%,-9.43%,-7.04%,,"82,257",1.56%,BPOP
RUT,14.14,0.77,2.64%,89.98M,-1.27%,969.46M,5.39,239.50%,0.00%,86.75M,-11.47%,68.72M,-,0.22,84.29%,2.05%,-13.92%,652.48M,1.49,-22.73%,2.42%,2.60,11.59%,13.58,0.80,0.59%,1.78M,12.51%,-,-,-,5.68%,8.01 - 13.15,-7.80%,0.60 (5.55%),9.70,-6.87%,4.84%,-17.26%,0.70,0.54 (4.96%),-,14.49%,-,35.83%,0.29,"Feb 14, 2025",0.08,-8.83%,14.70%,33.61,2.75% 2.32%,951,1.28,7.79%,10.53%,1.50,14.94,Yes / Yes,0.16,-23.77%,70.18%,0.35,10.72,-1.78%,-17.53%,2.54%,Jan 29 AMC,683.50K,10.88,-4.87%,-7.75%,1.63%,,"56,776",1.49%,BRKL
RUT,3.01,1.08,2.88%,76.94M,-8.99%,249.28M,8.71,-29.55%,0.00%,74.72M,-24.48%,83.56M,-,0.12,86.99%,1.97%,-25.00%,862.73M,0.29,-22.35%,-3.08%,1.51,-38.17%,9.52,0.34,5.34%,1.47M,-55.33%,0.12,26.32,-5.72%,11.60%,3.16 - 8.80,-21.55%,0.12 (3.70%),1.81,-10.69%,7.39%,-63.20%,1.34,0.39 (11.98%),0.70,18.25%,39.31%,2.53%,0.21,"Mar 21, 2025",0.80,80.12%,24.03%,28.71,8.51% 5.02%,1282,0.58,-3.13%,9.69%,2.33,6.42,Yes / Yes,0.54,252.22%,201.20%,2.70,3.22,7.31%,40.00%,-52.11%,Mar 12 AMC,974.56K,3.24,-16.00%,-24.03%,-37.69%,,"631,777",0.62%,BRY
RUT,10.15,2.82,11.82%,14.22M,0.18%,399.52M,9.30,7.10%,-5.38%,12.31M,-6.47%,40.56M,-,0.66,55.81%,0.86%,-8.12%,204.13M,1.96,1.84%,-3.48%,2.20,1.06%,25.12,1.14,1.10%,0.11M,50.82%,-,-,-,11.67%,17.69 - 35.13,-1.07%,0.99 (3.46%),7.13,3.88%,8.77%,-18.56%,0.76,0.96 (3.36%),-,8.41%,-,61.73%,0.96,"Feb 03, 2025",0.06,19.91%,26.10%,42.91,3.19% 3.13%,488,0.83,5.69%,19.87%,2.60,34.25,Yes / Yes,0.29,68.13%,33.36%,0.11,28.04,-2.02%,0.28%,1.61%,Jan 27 BMO,47.97K,28.61,-3.27%,-3.81%,1.64%,,"1,222",2.03%,BSRR
RUT,4.93,2.69,0.77%,121.40M,6.37%,1.61B,4.66,106.07%,-0.57%,120.63M,-20.94%,370.90M,-,0.20,92.51%,12.27%,-40.66%,4.16B,0.39,-49.40%,-4.25%,4.12,-35.96%,30.07,0.44,6.29%,14.80M,-47.45%,5.76,2.30,-4.00%,10.41%,12.15 - 29.94,-36.61%,0.30 (2.26%),8.41,-,9.11%,-55.66%,0.54,0.30 (2.26%),1.68,3.35%,8.62%,9.26%,0.81,"Feb 19, 2025",2.15,-46.36%,6.34%,39.46,7.01% 5.76%,5600,0.13,-14.50%,8.92%,1.40,24.00,Yes / Yes,0.11,-81.68%,11.11%,0.49,13.01,2.75%,-41.11%,-9.06%,Feb 06 BMO,3.59M,13.27,-4.43%,-20.25%,-39.39%,,"419,653",2.04%,BTU
RUT,13.45,1.03,25.98%,27.55M,-1.07%,382.21M,9.02,17.10%,-0.77%,20.43M,-6.29%,28.77M,-,0.29,54.25%,0.49%,-9.12%,251.44M,1.52,24.83%,2.49%,1.71,2.14%,14.21,0.97,0.68%,0.10M,19.81%,-,-,-,7.43%,10.52 - 16.00,2.52%,-,9.04,-0.33%,4.72%,-13.44%,0.55,-,-,18.89%,-,31.65%,0.39,-,0.10,-18.78%,17.00%,45.73,3.37% 2.45%,290,0.99,10.11%,11.44%,1.00,17.50,Yes / Yes,0.33,-7.91%,0.00%,0.17,13.72,4.69%,14.89%,9.12%,Jan 29 AMC,58.82K,13.85,-1.90%,-0.48%,1.30%,,"2,383",0.95%,BWB
-,10.45,1.07,53.91%,37.32M,1.32%,416.64M,5.71,16.00%,0.00%,17.20M,3.28%,39.85M,-,0.44,12.72%,0.55%,-8.86%,772.42M,0.54,3.72%,-0.37%,3.75,-11.04%,1.62,6.88,6.88%,0.09M,-39.55%,0.38,29.22,-,55.70%,10.05 - 21.28,-0.13%,-,8.20,7.89%,14.85%,-47.54%,1.09,1.50 (13.41%),0.50,41.22%,69.77%,11.09%,0.44,"Mar 18, 2025",1.09,-33.36%,15.81%,46.01,4.32% 4.26%,2294,4.45,5.24%,5.16%,1.00,20.33,Yes / Yes,3.79,-51.57%,137.16%,0.14,11.08,3.68%,4.35%,-2.90%,Feb 27 AMC,25.02K,11.16,-3.72%,-1.08%,-14.16%,,815,0.77%,BWMX
RUT,13.00,6.16,4.29%,8.29M,1.96%,663.84M,12.44,57.62%,0.00%,7.94M,-19.79%,53.12M,-,0.32,91.36%,2.25%,-35.48%,2.95B,0.22,-36.61%,0.86%,2.56,-14.91%,77.93,1.03,3.38%,0.18M,-32.92%,60.96,1.31,-,8.29%,73.01 - 134.79,-21.66%,-,14.73,-,4.21%,-40.63%,1.78,-,3.33,4.84%,15.26%,9.62%,3.64,"Dec 12, 2007",4.85,16.49%,2.83%,36.26,4.21% 4.55%,2000,0.98,-5.86%,1.80%,1.00,119.25,Yes / Yes,0.95,130.03%,0.00%,0.75,78.37,1.42%,16.75%,-0.27%,Feb 18 AMC,69.97K,80.03,-3.15%,-16.48%,-23.06%,,"12,606",2.12%,BXC
RUT,9.53,2.75,43.08%,44.46M,-3.07%,1.17B,9.49,4.81%,-0.16%,25.43M,-11.33%,120.76M,-,0.62,44.79%,2.09%,-16.04%,622.27M,1.88,-4.53%,4.24%,4.26,1.86%,24.55,1.07,1.30%,0.53M,25.57%,-,-,-,11.60%,19.70 - 32.89,-9.59%,0.40 (1.53%),6.90,13.22%,9.62%,-20.28%,0.91,0.37 (1.41%),-,15.72%,-,33.10%,0.71,"Feb 04, 2025",0.09,3.09%,25.92%,30.79,3.35% 2.37%,1027,0.71,16.41%,19.41%,2.00,34.40,Yes / Yes,0.15,0.93%,13.07%,0.28,25.90,4.28%,13.73%,3.39%,Jan 23 AMC,124.86K,26.22,-6.06%,-7.83%,-4.05%,,"8,394",1.24%,BY
-,10.82,6.21,32.09%,86.18M,-2.56%,5.63B,9.36,8.86%,-1.42%,56.87M,-12.63%,577.95M,3.14,1.58,72.55%,4.15%,-10.22%,3.93B,1.43,0.80%,1.06%,2.50,14.26%,18.35,3.67,8.79%,2.36M,6.23%,3.85,17.48,3.45%,34.76%,49.34 - 80.50,-7.29%,0.69 (1.02%),10.12,34.95%,10.77%,-16.45%,1.31,0.68 (1.01%),0.87,7.19%,45.12%,36.31%,2.15,"Mar 17, 2025",0.90,2.04%,23.88%,31.36,4.26% 2.91%,16129,2.49,5.13%,14.71%,1.94,84.64,Yes / Yes,2.39,104.76%,10.98%,0.61,65.99,4.02%,9.29%,9.06%,Feb 06 AMC,945.22K,67.26,-8.37%,-9.71%,2.29%,,"138,300",1.92%,BYD
RUT,5.38,3.93,8.42%,31.20M,-8.60%,659.95M,4.01,49.50%,-0.23%,28.58M,-13.11%,121.58M,-,0.29,84.13%,6.70%,-34.28%,2.41B,0.27,-22.15%,0.23%,4.27,-31.99%,39.55,0.53,4.87%,1.92M,-32.12%,3.83,5.52,-,10.32%,20.66 - 38.22,-22.98%,-,-,-,5.24%,-44.67%,2.01,-,0.78,2.32%,16.75%,2.38%,1.04,"Sep 06, 2007",9.71,-22.28%,5.18%,36.20,4.21% 4.61%,1158,0.88,12.27%,5.04%,1.00,40.00,Yes / Yes,0.88,-85.51%,0.00%,0.45,21.06,0.98%,-67.48%,21.23%,Jan 30 AMC,448.39K,21.15,-7.31%,-14.02%,-27.84%,,"48,795",0.43%,BZH
S&P 500,11.48,5.94,0.31%,1.88B,-3.14%,128.62B,7.21,27.21%,-3.61%,1.88B,-16.02%,11.46B,0.46,1.89,76.96%,1.81%,-5.86%,170.85B,0.75,25.26%,4.12%,2.20,19.11%,101.62,0.67,0.52%,34.07M,18.80%,-,-,25.11%,6.04%,53.51 - 84.74,-3.04%,2.31 (3.38%),22.25,-5.82%,2.30%,-19.46%,1.30,1.65 (2.42%),-,13.25%,-,27.55%,2.49,"Feb 03, 2025",1.50,49.26%,10.24%,30.65,3.68% 3.20%,229000,2.85,8.20%,6.71%,1.65,92.08,Yes / Yes,1.39,217.02%,36.68%,0.80,67.23,0.36%,9.58%,0.18%,Jan 15 BMO,15.46M,68.25,-9.64%,-11.47%,1.39%,,"2,958,432",1.52%,C
-,8.46,2.16,81.66%,161.09M,1.50%,2.95B,10.39,26.42%,0.00%,29.52M,-3.33%,348.32M,0.41,0.25,14.67%,5.03%,-7.67%,1.68B,1.76,-6.47%,0.48%,10.50,15.38%,8.16,2.24,8.32%,1.48M,29.60%,3.76,4.87,20.69%,31.82%,13.97 - 20.79,-1.93%,0.21 (1.14%),11.19,101.51%,14.71%,-11.98%,1.58,-,1.27,12.98%,32.74%,31.04%,0.74,-,1.29,123.79%,22.70%,47.93,3.99% 3.98%,6100,0.94,1.78%,20.78%,1.40,21.80,Yes / Yes,0.80,-68.47%,0.00%,1.06,17.93,-0.36%,-74.47%,-1.65%,Mar 19 BMO,141.36K,18.30,-0.52%,-3.51%,2.39%,,"36,083",2.06%,CAAP
RUT,10.61,2.77,0.96%,183.53M,-3.26%,5.37B,9.33,10.82%,0.00%,180.98M,-15.38%,514.12M,-,0.64,85.70%,3.06%,-20.34%,2.95B,1.82,2.55%,1.69%,4.63,-2.78%,29.44,1.00,1.09%,5.54M,6.03%,-,-,-,9.75%,26.16 - 40.20,-14.72%,1.06 (3.62%),8.20,3.78%,9.21%,-26.92%,0.92,1.00 (3.40%),-,23.11%,-,12.31%,0.93,"Mar 14, 2025",0.06,72.29%,24.48%,25.05,3.50% 2.86%,5335,0.01,26.53%,17.42%,2.00,40.55,Yes / Yes,0.00,-50.14%,36.10%,0.39,29.36,-1.53%,0.97%,126.57%,Jan 22 AMC,1.20M,29.38,-7.56%,-12.85%,-9.95%,,"111,597",0.07%,CADE
RUT,14.22,3.20,7.82%,51.33M,-7.47%,2.35B,10.97,11.57%,-11.21%,47.61M,-11.57%,156.78M,1.27,0.81,98.64%,17.07%,-10.42%,3.58B,0.66,7.99%,9.60%,5.28,25.45%,8.64,5.27,4.96%,8.13M,25.79%,1.63,27.91,11.20%,41.18%,33.05 - 57.32,-4.12%,1.10 (2.41%),21.76,2.30%,7.14%,-20.65%,1.27,1.08 (2.37%),0.38,9.72%,12.58%,37.63%,2.05,"Mar 05, 2025",0.47,56.76%,6.20%,33.12,4.80% 4.33%,47900,4.30,4.13%,4.38%,2.50,57.00,Yes / Yes,3.95,217.75%,33.74%,0.41,44.87,0.88%,13.27%,5.01%,Feb 19 AMC,1.54M,45.49,-11.28%,-11.76%,3.20%,,"151,965",1.37%,CAKE
RUT,3.43,4.49,3.91%,33.63M,-11.23%,518.23M,4.80,-0.62%,0.38%,32.31M,-9.72%,152.03M,-,0.27,94.47%,14.29%,-42.86%,2.78B,0.19,-22.64%,-3.19%,5.91,-58.63%,17.79,0.87,8.04%,4.62M,-59.37%,1.00,15.38,-3.57%,27.35%,15.00 - 44.51,-33.46%,-,7.42,-,13.76%,-65.38%,1.47,0.28 (1.82%),0.35,1.36%,44.61%,2.73%,0.83,"Dec 27, 2024",1.08,2.83%,6.40%,33.95,6.04% 5.04%,9200,1.44,-1.28%,5.47%,2.33,22.00,Yes / Yes,0.85,-9.63%,5.84%,0.39,15.27,-1.39%,-9.33%,-2.75%,Mar 20 BMO,781.93K,15.41,-6.02%,-15.67%,-47.55%,,"73,367",0.92%,CAL
RUT,11.77,1.36,12.02%,17.52M,-2.02%,280.43M,8.63,12.42%,0.00%,15.42M,-7.57%,23.87M,-,0.38,50.60%,0.46%,-8.52%,176.62M,1.59,13.01%,-0.08%,1.09,7.24%,15.91,1.01,0.77%,0.07M,45.19%,-,-,-,8.95%,10.33 - 18.49,-0.87%,0.45 (2.81%),11.92,3.98%,4.53%,-13.47%,0.56,0.45 (2.83%),-,18.77%,-,54.89%,0.41,"Feb 05, 2025",0.50,9.89%,16.74%,39.54,2.81% 2.15%,464,0.89,10.01%,13.51%,2.00,19.12,Yes / Yes,0.89,33.05%,33.10%,0.50,15.85,6.51%,27.20%,8.92%,Jan 22 AMC,65.20K,16.00,-3.77%,-2.75%,5.46%,,"7,874",0.95%,CBAN
-,6.67,0.13,20.43%,89.94M,-4.96%,76.46M,7.73,-42.11%,0.00%,71.56M,-5.48%,11.53M,-,0.01,2.06%,1.45%,-3.28%,207.42M,0.37,733.33%,-5.02%,1.87,-10.05%,1.46,0.58,3.97%,1.04M,-26.07%,0.69,1.24,-,9.38%,0.77 - 2.08,-9.56%,-,2.00,17.82%,8.61%,-59.13%,1.53,-,0.66,115.97%,24.66%,10.41%,0.05,-,0.85,235.24%,7.99%,44.80,6.59% 5.53%,1456,0.24,2.32%,5.56%,-,2.00,Yes / Yes,0.02,-99.72%,-,0.15,0.85,-23.22%,-100.00%,-29.65%,Nov 12 BMO,554.47K,0.85,-0.83%,-5.38%,-21.07%,,"19,779",-0.16%,CBAT
-,11.45,2.39,8.48%,5.13M,-3.83%,140.34M,12.78,18.63%,-1.68%,4.69M,-11.67%,12.59M,-,0.43,41.78%,1.06%,-17.25%,81.16M,1.73,-11.00%,8.92%,3.84,3.16%,28.71,0.95,0.86%,0.05M,23.94%,-,-,-,8.77%,20.75 - 33.72,-4.16%,1.04 (3.80%),-,-1.97%,6.92%,-18.77%,0.37,1.00 (3.65%),-,6.86%,-,32.00%,0.80,"Feb 14, 2025",0.06,-44.35%,18.40%,39.35,2.49% 2.93%,162,0.24,31.41%,15.52%,3.00,30.67,No / Yes,0.24,-81.78%,42.02%,0.02,27.58,8.09%,-25.01%,137.05%,Jan 29 AMC,12.93K,27.39,-3.10%,-4.77%,1.38%,,57,-0.69%,CBFV
RUT,13.22,2.13,31.05%,16.66M,-0.70%,466.93M,7.95,8.53%,-0.19%,11.42M,-11.99%,30.97M,-,0.74,35.79%,2.04%,-7.51%,237.40M,1.97,19.66%,12.08%,4.27,15.06%,21.31,1.32,1.14%,0.23M,38.92%,-,-,-,10.15%,19.02 - 32.88,-1.05%,0.43 (1.54%),30.20,11.77%,7.96%,-14.23%,0.54,0.38 (1.35%),-,17.99%,-,48.26%,0.84,"Feb 10, 2025",0.27,-16.49%,16.20%,36.82,2.21% 3.01%,299,0.10,14.04%,13.05%,1.50,36.00,Yes / Yes,0.10,-30.29%,17.06%,0.15,27.90,7.46%,40.05%,25.34%,Jan 27 AMC,54.60K,28.20,-5.52%,-5.22%,8.20%,,"1,958",1.08%,CBNK
RUT,10.97,7.54,1.33%,54.22M,-2.53%,4.49B,9.97,10.03%,-6.51%,53.50M,-3.35%,418.00M,1.23,1.87,97.94%,6.50%,-21.89%,3.99B,1.12,6.81%,2.03%,7.96,-18.45%,25.20,3.28,11.39%,3.47M,-6.01%,3.38,24.51,8.91%,31.02%,79.57 - 117.46,-9.40%,1.79 (2.16%),10.68,20.56%,17.03%,-29.57%,1.03,1.72 (2.08%),1.29,5.62%,24.51%,3.97%,2.68,"Feb 28, 2025",2.00,-2.43%,15.89%,42.87,4.47% 3.13%,4200,0.88,1.71%,10.47%,2.60,101.00,Yes / Yes,0.80,86.66%,24.72%,0.37,81.62,-3.91%,2.33%,-0.31%,Feb 03 AMC,436.53K,82.73,-2.37%,-4.77%,-16.25%,,"38,927",1.36%,CBT
S&P 500,13.98,1.39,20.59%,1.16B,-5.69%,25.21B,9.33,17.41%,-0.01%,1.04B,-24.82%,1.92B,0.73,0.02,57.36%,5.78%,-24.64%,25.02B,1.01,25.12%,-2.31%,2.66,17.68%,7.07,2.75,3.90%,60.10M,19.86%,0.93,20.84,19.27%,23.75%,13.78 - 28.72,-21.89%,-,19.44,-19.76%,5.26%,-32.22%,2.41,-,0.22,98.41%,27.28%,41.26%,1.09,"Feb 20, 2020",0.26,2613.86%,14.28%,29.03,5.46% 4.84%,-,3.12,15.87%,7.66%,1.60,30.06,Yes / Yes,2.94,707.63%,0.00%,1.18,19.12,0.00%,86.17%,10.02%,Mar 21 BMO,22.57M,19.47,-13.50%,-20.45%,-6.41%,,"6,374,332",1.80%,CCL
RUT,9.52,2.38,5.17%,20.99M,-2.72%,476.36M,6.44,31.53%,0.00%,19.89M,-13.44%,49.88M,-,0.57,57.49%,1.45%,-17.17%,364.58M,1.31,12.13%,1.71%,3.52,-2.47%,26.34,0.86,0.91%,0.29M,12.40%,-,-,-,9.17%,17.74 - 29.29,-8.67%,0.72 (3.17%),8.55,-1.95%,6.50%,-22.48%,0.52,0.72 (3.15%),-,15.28%,-,27.99%,0.76,"Feb 28, 2025",0.22,-6.49%,18.43%,30.20,3.15% 2.66%,790,0.26,11.48%,13.68%,2.00,28.00,Yes / Yes,0.26,7.21%,29.75%,1.40,22.39,1.99%,9.09%,6.40%,Jan 28 AMC,81.81K,22.70,-6.49%,-8.16%,-5.67%,,"27,447",1.41%,CCNE
RUT,6.48,10.40,11.74%,30.96M,-6.10%,2.09B,5.45,16.15%,0.00%,27.33M,-5.55%,333.82M,-,1.76,93.07%,6.48%,-21.78%,4.34B,0.48,2.40%,2.61%,3.96,-29.42%,84.65,0.80,7.64%,1.77M,-23.09%,4.94,13.64,-,13.33%,66.62 - 108.42,-8.14%,-,-,23.47%,8.98%,-37.84%,1.73,1.07 (1.59%),0.25,12.90%,21.01%,1.16%,2.49,"Feb 26, 2025",4.49,30.51%,8.71%,37.84,3.37% 3.35%,1873,0.56,18.17%,7.69%,2.50,88.50,Yes / Yes,0.42,13.02%,10.00%,0.27,67.41,-0.99%,0.69%,1.13%,Jan 29 AMC,446.81K,67.39,-4.87%,-7.76%,-22.04%,,"28,909",-0.03%,CCS
RUT,5.11,4.62,3.43%,19.52M,-2.72%,460.99M,4.28,4.95%,0.00%,18.86M,-18.47%,89.42M,2.30,1.31,93.37%,2.35%,-5.60%,350.38M,1.32,-6.70%,0.97%,3.47,9.51%,-4.07,-,14.31%,0.44M,72.21%,1.72,13.74,2.22%,-,11.62 - 32.10,-1.05%,-,5.22,-15.35%,17.65%,-26.45%,1.87,-,0.94,-8.80%,80.11%,103.18%,1.16,-,0.94,17.62%,42.64%,36.84,3.45% 5.41%,518,-,-3.36%,25.52%,2.33,30.17,Yes / Yes,-,5.85%,0.00%,0.56,23.43,2.90%,11.93%,-0.88%,Feb 19 AMC,128.05K,23.61,-7.36%,-9.43%,4.14%,,"17,088",0.77%,CCSI
RUT,6.10,3.25,44.94%,93.29M,6.29%,1.83B,6.21,9.54%,-0.24%,50.82M,-1.56%,321.10M,0.10,0.62,57.92%,10.05%,-10.45%,2.22B,0.82,162.76%,-5.04%,3.07,55.28%,7.44,2.67,17.79%,5.11M,76.24%,0.39,51.30,60.86%,64.15%,11.35 - 25.39,8.92%,-,-,-,27.44%,-21.84%,2.50,-,0.57,6.21%,8.40%,74.84%,1.44,"Sep 18, 2002",1.73,808.22%,5.54%,53.59,9.10% 8.10%,2971,0.79,1.60%,14.46%,1.00,25.00,Yes / Yes,0.69,66.61%,0.00%,0.85,19.40,22.47%,-12.50%,23.17%,Feb 20 AMC,1.67M,19.84,3.75%,3.53%,11.84%,,"339,168",2.29%,CENX
RUT,14.38,0.39,8.24%,132.77M,-3.08%,746.42M,10.81,14.29%,0.27%,121.84M,-8.00%,50.85M,-,0.11,77.52%,3.06%,-14.57%,401.60M,1.86,22.97%,2.42%,5.06,-1.21%,7.73,0.73,0.53%,3.73M,-2.41%,-,-,-,4.93%,4.76 - 7.20,-4.89%,0.34 (6.05%),21.30,-15.73%,1.86%,-21.93%,0.50,0.34 (6.05%),-,3.23%,-,18.22%,0.14,"Feb 07, 2025",0.04,145.18%,17.71%,37.18,2.38% 2.30%,636,2.11,5.57%,12.66%,3.00,6.75,Yes / Yes,1.67,517.71%,117.00%,0.23,5.56,1.52%,14.29%,6.42%,Jan 29 BMO,737.15K,5.62,-3.84%,-3.96%,-5.67%,,"41,607",1.10%,CFFN
S&P 500,13.28,3.03,0.91%,440.54M,-3.49%,17.57B,8.07,30.12%,-0.11%,433.16M,-12.94%,1.37B,0.50,0.76,96.06%,2.28%,-13.39%,12.45B,1.41,26.28%,-0.86%,2.43,1.32%,50.26,0.80,0.69%,9.90M,18.12%,-,-,26.44%,6.21%,32.06 - 49.25,-8.17%,1.73 (4.30%),9.35,-4.50%,3.80%,-18.41%,1.11,1.68 (4.18%),-,10.10%,-,25.34%,1.38,"Jan 31, 2025",0.13,-2.45%,16.05%,30.39,3.66% 3.09%,17287,0.55,1.99%,11.02%,2.00,53.59,Yes / Yes,0.49,142.93%,55.53%,0.54,39.73,0.78%,0.74%,-2.52%,Jan 17 BMO,4.08M,40.19,-7.88%,-11.32%,-4.71%,,"534,809",1.15%,CFG
RUT,9.75,4.96,26.30%,4.77M,-3.20%,230.22M,7.77,16.39%,-0.03%,3.51M,-5.25%,23.67M,-,1.20,42.39%,0.41%,-11.23%,150.50M,1.53,7.86%,1.21%,0.93,4.07%,45.13,1.07,0.86%,0.01M,14.86%,-,-,-,11.53%,39.00 - 55.73,-0.88%,1.24 (2.56%),9.03,9.13%,7.09%,-13.19%,0.12,1.24 (2.56%),-,12.08%,-,24.05%,0.98,"Mar 18, 2025",0.03,-6.09%,19.99%,38.60,2.72% 1.74%,339,0.55,9.42%,15.73%,2.33,58.33,No / Yes,0.55,54.54%,24.99%,0.15,48.00,3.65%,2.76%,8.21%,Jan 28 AMC,15.55K,48.38,-3.87%,-1.77%,0.78%,,557,0.79%,CHMG
-,6.60,15.91,1.67%,60.07M,1.26%,6.26B,7.62,6.50%,-0.20%,58.63M,-4.32%,845.19M,-,3.27,92.03%,3.70%,-11.01%,5.25B,1.19,-22.42%,0.11%,2.47,-20.94%,144.87,0.72,8.20%,2.17M,-34.10%,0.62,169.34,-4.03%,12.27%,99.40 - 186.59,-10.25%,6.34 (6.04%),6.81,-,8.84%,-43.76%,1.02,5.04 (4.80%),0.88,36.86%,24.43%,5.57%,3.72,"Mar 11, 2025",0.94,-34.10%,22.21%,42.64,3.25% 3.47%,762,0.10,34.76%,16.10%,1.45,160.83,Yes / Yes,0.10,-50.55%,31.20%,0.33,103.32,28.55%,25.93%,50.79%,Feb 25 AMC,878.24K,104.93,-3.06%,-8.08%,-23.05%,,"69,837",1.56%,CHRD
"NDX, S&P 500",10.01,35.19,32.17%,141.95M,-7.22%,55.79B,8.20,15.08%,0.00%,96.29M,-0.68%,5.08B,0.85,8.48,74.82%,13.05%,-6.83%,55.09B,1.01,6.71%,1.84%,11.04,7.55%,109.81,3.21,3.39%,12.56M,19.49%,3.19,110.27,11.76%,38.11%,236.08 - 415.27,2.73%,-,17.65,36.23%,4.67%,-15.20%,1.15,-,0.31,3.81%,45.97%,49.16%,12.40,-,0.31,16.44%,24.04%,44.60,5.07% 3.23%,94500,6.17,0.88%,9.23%,2.77,411.70,Yes / Yes,5.98,46.08%,0.00%,0.94,345.40,0.34%,9.69%,1.57%,Jan 31 BMO,1.14M,352.13,-3.06%,-0.92%,2.70%,,"258,565",1.95%,CHTR
-,12.53,3.37,0.05%,113.03M,1.25%,4.77B,6.60,4.19%,0.00%,112.98M,5.43%,1.00B,5.59,1.64,22.12%,0.39%,28.22%,10.94B,0.44,-4.26%,-,1.17,33.54%,86.69,0.49,1.78%,0.44M,30.41%,-,-,2.24%,15.62%,30.25 - 44.25,33.80%,3.53 (8.37%),1.57,24.57%,5.98%,-4.72%,0.89,3.39 (8.04%),-,10.72%,-,39.38%,1.21,"Dec 30, 2024",30.25,32.28%,20.36%,58.43,2.92% 2.86%,34114,0.72,-0.15%,9.15%,2.62,38.81,Yes / Yes,0.69,100.92%,53.03%,0.47,41.57,-7.21%,22.52%,-11.46%,Feb 19 BMO,371.47K,42.16,0.68%,10.24%,23.59%,,"41,906",1.42%,CIB
-,3.58,0.53,0.00%,1.90B,-2.30%,3.65B,7.82,-37.35%,-,1.90B,-0.26%,1.53B,-,0.06,8.58%,0.11%,2.59%,7.48B,0.49,-11.60%,-,1.00,-5.84%,1.80,1.06,13.41%,2.01M,14.75%,0.64,3.00,-18.02%,31.64%,1.55 - 2.11,8.19%,0.23 (11.94%),3.29,19.94%,22.05%,-9.34%,0.92,0.06 (3.08%),1.04,5.19%,20.16%,23.61%,0.05,"Dec 30, 2024",1.04,46.79%,17.38%,51.82,2.48% 2.41%,4918,0.52,3.39%,20.44%,2.56,2.40,Yes / Yes,0.35,133.56%,30.20%,2.02,1.94,8.89%,45.52%,-5.21%,Nov 14 AMC,2.02M,1.91,-0.35%,3.13%,1.98%,,"967,918",-1.29%,CIG
RUT,12.58,1.08,2.92%,80.92M,-2.51%,1.10B,7.85,-0.65%,8.17%,78.56M,-2.37%,90.33M,1.57,0.43,55.88%,1.80%,-10.30%,770.22M,1.43,17.68%,0.32%,2.40,-11.88%,19.72,0.69,1.35%,1.41M,-0.29%,1.04,13.08,8.01%,6.92%,11.28 - 16.89,-3.00%,1.49 (10.97%),5.34,-27.34%,1.03%,-19.60%,1.51,1.42 (10.46%),-,-1.30%,95.17%,20.34%,0.35,"Dec 31, 2024",-,64.82%,87.30%,42.05,3.11% 2.44%,77,3.96,7.13%,11.73%,3.00,15.75,Yes / Yes,2.46,-1438.16%,129.15%,0.41,13.32,-11.41%,-3.77%,4.96%,Feb 12 BMO,588.59K,13.58,-1.68%,-4.28%,-6.30%,,"58,979",1.95%,CIM
RUT,9.57,2.01,3.62%,15.49M,-2.54%,298.42M,7.54,8.87%,0.31%,14.92M,-9.79%,30.80M,-,0.51,54.97%,0.98%,-14.70%,244.44M,1.22,16.83%,4.12%,3.07,16.69%,25.08,0.77,0.77%,0.15M,31.59%,-,-,-,8.10%,13.60 - 23.69,-8.38%,0.68 (3.53%),7.74,0.04%,6.15%,-18.64%,0.67,0.65 (3.37%),-,15.93%,-,41.75%,0.63,"Feb 04, 2025",0.03,-26.17%,14.96%,35.47,3.21% 2.82%,532,1.16,11.16%,12.60%,1.67,24.92,Yes / Yes,0.29,2.51%,31.76%,0.25,19.19,0.99%,18.13%,2.22%,Jan 30 BMO,47.79K,19.28,-4.68%,-6.60%,3.21%,,"2,901",0.46%,CIVB
-,3.88,8.47,5.35%,93.93M,-2.09%,3.05B,3.70,9.90%,0.00%,88.04M,-32.68%,838.72M,-,1.80,97.85%,6.88%,-30.27%,5.21B,0.59,-5.04%,0.27%,3.41,-37.37%,70.57,0.47,5.78%,6.05M,-51.04%,0.82,40.26,-0.42%,13.09%,31.69 - 76.02,-28.45%,2.03 (6.19%),3.42,21.13%,7.51%,-56.83%,1.42,1.97 (6.01%),0.44,129.03%,33.71%,3.57%,2.08,"Mar 14, 2025",0.44,-5.53%,29.02%,28.85,6.33% 5.26%,655,0.69,49.65%,16.11%,1.47,65.06,Yes / Yes,0.68,-51.08%,23.65%,0.76,32.63,-0.70%,-10.56%,14.74%,Feb 24 AMC,1.78M,32.82,-17.21%,-29.01%,-39.76%,,"327,032",0.58%,CIVI
-,3.18,1.73,58.70%,53.73M,5.09%,295.30M,12.49,-51.04%,0.00%,22.19M,-27.49%,98.14M,-,0.28,13.13%,2.70%,-27.78%,325.59M,0.91,-50.80%,-,2.41,-48.92%,14.17,0.39,4.56%,0.60M,-50.62%,3.08,1.79,-,13.11%,4.94 - 13.68,-30.87%,0.10 (1.82%),-,-,5.10%,-59.82%,0.65,0.97 (17.65%),0.71,28.40%,56.78%,11.26%,0.33,"Dec 02, 2024",0.73,-43.85%,50.05%,29.97,5.44% 4.82%,1647,1.71,-9.90%,30.14%,2.50,8.42,No / Yes,1.53,-,51.40%,0.30,5.53,3.22%,9.19%,-8.70%,Feb 27 BMO,248.07K,5.50,-12.37%,-26.61%,-44.81%,,"17,762",-0.61%,CLCO
-,10.01,5.58,5.22%,940.08M,-1.56%,52.48B,9.33,7.09%,0.00%,891.00M,-9.51%,5.27B,1.74,1.32,48.43%,1.65%,-16.03%,46.52B,1.13,5.92%,1.26%,14.58,-8.84%,41.13,1.36,0.74%,14.66M,12.55%,-,-,5.74%,13.23%,46.50 - 67.45,-11.71%,2.70 (4.84%),8.40,4.88%,6.00%,-17.23%,1.01,2.66 (4.77%),-,20.25%,-,20.05%,1.31,"Mar 28, 2025",0.29,15.66%,14.55%,32.35,2.08% 2.14%,48525,3.51,8.53%,11.34%,1.25,69.33,Yes / Yes,1.08,17.86%,49.35%,0.49,55.05,4.49%,10.52%,-1.91%,Feb 27 BMO,1.01M,55.83,-5.18%,-8.65%,-4.09%,,"120,474",1.41%,CM
-,11.32,5.02,0.99%,131.41M,-2.51%,7.47B,9.73,10.74%,-1.36%,130.04M,-14.99%,671.00M,1.27,1.17,82.66%,4.82%,-16.00%,4.84B,1.54,5.08%,-5.35%,2.59,0.74%,46.79,1.21,0.84%,6.26M,9.87%,-,-,8.90%,10.72%,45.32 - 73.45,-8.11%,2.88 (5.07%),16.66,-8.69%,5.52%,-22.62%,1.00,2.84 (5.00%),-,7.40%,-,25.41%,1.94,"Mar 14, 2025",0.25,-21.90%,18.85%,29.09,3.48% 3.04%,7928,1.07,-6.54%,13.86%,2.95,68.33,Yes / Yes,0.86,500.88%,56.71%,0.35,57.06,-1.60%,-5.12%,-11.28%,Jan 22 BMO,2.42M,56.83,-8.24%,-10.60%,-4.65%,,"203,975",-0.39%,CMA
-,1.53,5.93,92.96%,194.22M,0.11%,1.76B,4.98,27.29%,0.00%,13.67M,-15.88%,870.83M,-,0.06,1.22%,2.09%,-11.44%,940.25M,1.87,-67.81%,-27.34%,3.04,-39.92%,6.14,1.48,23.76%,0.29M,-31.43%,0.20,45.27,-25.04%,49.06%,8.47 - 18.43,-8.76%,0.09 (0.99%),-,53.60%,24.80%,-50.84%,0.11,1.08 (11.92%),0.71,17.75%,42.16%,6.97%,0.43,"Jul 10, 2024",0.78,2.38%,33.69%,40.03,4.60% 4.62%,3216,2.20,-24.01%,92.62%,1.86,13.98,Yes / Yes,1.94,-76.42%,134.00%,0.44,9.04,-4.55%,152.90%,-16.56%,Feb 27 BMO,94.20K,9.06,-2.60%,-11.54%,-33.66%,,"9,958",0.22%,CMBT
"NDX, S&P 500",8.50,4.15,0.97%,3.78B,-6.21%,133.31B,7.34,11.29%,-1.72%,3.74B,1.02%,16.19B,1.23,0.99,85.80%,1.39%,-10.81%,123.73B,1.08,-0.31%,0.70%,1.96,-8.85%,22.59,1.56,6.10%,52.05M,-18.36%,1.94,18.21,6.89%,19.24%,32.50 - 45.31,-6.06%,1.32 (3.74%),8.60,7.90%,8.74%,-22.19%,0.96,1.24 (3.52%),0.68,2.73%,58.11%,8.48%,0.93,"Apr 02, 2025",0.68,11.62%,18.83%,45.93,3.70% 2.36%,182000,1.23,1.78%,13.09%,2.00,43.10,Yes / Yes,1.17,54.08%,29.93%,1.09,34.70,0.97%,11.41%,2.12%,Jan 30 BMO,26.53M,35.26,-1.72%,-2.02%,-9.94%,,"6,980,074",1.60%,CMCSA
S&P 500,11.31,28.17,1.69%,137.40M,-6.89%,43.79B,11.99,18.41%,-1.18%,135.15M,-12.62%,3.95B,1.56,5.03,84.72%,1.16%,-15.67%,34.10B,1.28,4.39%,0.46%,1.84,8.58%,74.75,4.26,12.42%,1.56M,18.08%,16.47,19.34,7.26%,41.27%,260.88 - 387.90,-8.62%,7.42 (2.33%),156.97,14.40%,25.52%,-17.88%,1.07,7.14 (2.24%),0.80,8.72%,24.37%,22.10%,10.25,"Feb 21, 2025",1.31,444.36%,10.47%,29.26,3.57% 2.78%,69600,0.74,0.14%,11.57%,2.41,407.00,Yes / Yes,0.51,129.95%,24.68%,0.60,312.92,4.67%,12.17%,-1.01%,Feb 04 BMO,850.29K,318.54,-9.94%,-11.11%,-2.52%,,"124,702",1.80%,CMI
RUT,6.90,6.03,15.57%,24.82M,-9.36%,1.03B,10.42,11.28%,-7.56%,20.96M,-20.58%,159.53M,-,0.55,97.95%,6.92%,-50.16%,3.36B,0.31,-44.17%,-1.34%,6.91,-48.11%,-22.34,-,8.25%,1.45M,-53.93%,9.04,4.60,-14.00%,-,41.24 - 104.92,-41.95%,-,4.17,16.55%,14.67%,-60.32%,1.96,-,0.54,3.93%,47.35%,0.95%,2.41,-,0.68,303.80%,6.74%,23.99,4.77% 4.92%,16000,-,4.60%,4.75%,1.00,91.00,Yes / Yes,-,10.24%,0.00%,0.50,41.95,-2.52%,-2.88%,1.93%,Jan 29 AMC,209.75K,41.63,-11.39%,-29.60%,-46.38%,,"25,391",-0.76%,CMPR
RUT,4.17,2.44,63.85%,119.95M,-1.83%,1.22B,4.19,-3.58%,0.00%,43.37M,-2.12%,290.68M,-,0.56,28.08%,2.28%,-23.82%,2.06B,0.59,-8.88%,-0.77%,2.39,-23.59%,20.95,0.49,6.13%,0.99M,-11.64%,6.18,1.65,-5.81%,13.07%,9.66 - 17.58,-20.86%,0.46 (4.52%),-,33.01%,6.73%,-42.13%,1.06,0.46 (4.52%),1.32,36.21%,25.86%,5.28%,0.32,"Jan 21, 2025",1.40,-17.36%,21.36%,41.44,2.90% 2.90%,2720,0.94,37.10%,14.11%,3.00,12.50,Yes / Yes,0.72,-69.67%,18.88%,0.56,10.20,64.44%,6.15%,10.52%,Feb 05 BMO,412.85K,10.17,-1.02%,-9.56%,-25.16%,,"55,642",-0.29%,CMRE
RUT,7.95,1.76,9.11%,8.65M,1.64%,120.48M,7.60,6.98%,-13.78%,8.14M,6.92%,15.44M,-,0.33,66.46%,2.71%,-13.46%,313.66M,0.38,5.52%,6.62%,5.05,-21.61%,17.09,0.82,7.06%,0.22M,-27.28%,4.92,2.84,-,10.96%,12.25 - 21.00,-15.45%,-,4.08,-,9.13%,-33.40%,1.45,-,1.98,8.51%,17.19%,14.16%,0.51,"May 21, 2018",2.41,-33.93%,5.78%,53.32,4.94% 3.88%,1857,0.16,-15.32%,4.92%,1.00,22.00,No / Yes,0.14,-27.01%,0.00%,0.40,13.60,6.29%,-16.67%,-15.84%,Mar 11 BMO,43.66K,13.98,3.31%,-1.96%,-14.26%,,"4,115",2.83%,CMT
-,13.80,3.52,0.52%,270.84M,0.42%,13.15B,9.04,5.61%,-2.86%,269.47M,4.09%,959.00M,-,1.29,99.03%,0.36%,4.76%,14.27B,0.92,5.22%,-0.18%,3.04,2.32%,38.82,1.25,1.59%,0.97M,14.04%,-,-,-,9.40%,40.61 - 50.23,4.61%,3.85 (7.93%),5.31,-0.85%,7.01%,-3.37%,0.48,1.73 (3.56%),-,5.91%,-,19.53%,0.95,"Feb 24, 2025",0.44,-20.49%,9.42%,55.69,1.91% 1.93%,6500,0.31,7.30%,6.72%,3.33,48.00,Yes / Yes,0.30,-94.28%,50.05%,0.52,48.08,2.29%,1.62%,5.19%,Feb 10 BMO,318.78K,48.54,0.99%,2.99%,4.40%,,"39,964",0.96%,CNA
S&P 500,9.23,6.25,1.10%,495.91M,-4.00%,28.59B,7.13,10.83%,1.02%,490.60M,2.09%,3.31B,1.00,2.33,97.43%,1.23%,1.62%,163.07B,0.18,1.65%,-2.36%,1.16,-21.56%,53.26,1.08,3.90%,6.05M,-24.91%,-,-,9.21%,12.65%,55.03 - 80.59,-4.87%,1.25 (2.17%),-,14.96%,7.25%,-28.49%,0.55,-,-,17.88%,-,4.72%,2.01,-,1.11,27.09%,2.01%,43.65,4.24% 3.63%,60500,0.74,5.89%,2.03%,2.19,77.28,Yes / Yes,0.73,573.60%,0.00%,0.94,57.96,3.67%,62.07%,3.41%,Feb 04 BMO,5.20M,57.63,-1.24%,-4.88%,-12.93%,,"1,182,236",-0.57%,CNC
-,12.40,1.04,35.25%,1.25B,-3.60%,16.11B,13.67,32.71%,-0.09%,808.04M,3.02%,1.31B,4.86,0.11,71.55%,5.47%,7.04%,19.84B,0.81,-32.24%,3.37%,2.94,26.93%,6.13,2.11,2.94%,44.18M,7.66%,3.10,4.17,2.55%,16.66%,9.28 - 13.86,13.93%,0.42 (3.26%),20.60,-1.20%,3.78%,-6.90%,1.41,0.47 (3.64%),6.85,-5.27%,32.82%,39.10%,0.50,"May 10, 2024",8.05,-41.23%,19.54%,52.57,4.78% 4.07%,35850,3.55,-19.64%,6.62%,2.10,14.63,Yes / Yes,3.54,-69.99%,26.76%,1.45,12.55,0.16%,-17.81%,-28.15%,Feb 04 BMO,15.04M,12.91,0.48%,3.45%,15.83%,,"5,301,158",2.86%,CNH
RUT,11.95,2.03,10.32%,122.32M,-0.66%,2.96B,11.94,20.51%,-2.30%,109.68M,-23.99%,304.30M,5.02,-0.01,124.67%,17.82%,-27.88%,3.05B,0.97,-18.25%,0.26%,6.16,-14.13%,4.86,4.99,6.15%,19.55M,33.70%,8.64,2.80,2.38%,67.31%,16.32 - 36.28,-21.76%,0.32 (1.31%),9.41,4.76%,9.06%,-33.19%,2.07,0.08 (0.33%),0.99,25.57%,19.04%,48.53%,1.02,"Mar 05, 2025",1.01,63.92%,11.88%,30.47,3.59% 4.35%,29200,5.81,-0.56%,9.98%,2.09,32.30,Yes / Yes,4.65,318.59%,0.00%,1.21,23.86,2.33%,-13.00%,27.45%,Feb 19 BMO,3.18M,24.24,-7.00%,-14.65%,-10.54%,,"932,951",1.59%,CNK
RUT,13.85,4.25,2.77%,30.90M,-6.12%,1.82B,12.07,12.55%,-0.03%,30.05M,-5.76%,132.42M,1.40,0.81,114.55%,7.66%,-21.19%,1.30B,1.40,4.01%,5.25%,4.65,-19.66%,31.15,1.89,5.75%,2.30M,-30.67%,0.79,74.43,9.90%,14.74%,55.22 - 85.28,-13.94%,0.80 (1.36%),11.83,34.38%,6.97%,-30.93%,1.29,0.80 (1.36%),1.05,7.15%,52.80%,6.66%,2.55,"Mar 14, 2025",2.30,104.60%,13.21%,39.23,5.28% 4.11%,3900,0.98,4.98%,10.17%,2.14,77.29,Yes / Yes,0.97,3.23%,18.82%,0.23,58.49,1.45%,11.42%,5.55%,Feb 05 AMC,495.19K,58.90,-2.86%,-10.12%,-14.94%,,"27,353",0.70%,CNMD
RUT,10.55,3.74,4.17%,101.62M,-0.32%,3.98B,9.38,10.26%,-4.12%,96.67M,-2.70%,404.00M,1.80,0.80,95.16%,1.90%,4.48%,4.48B,0.89,-3.77%,-2.99%,3.10,23.00%,24.59,1.61,1.24%,1.84M,47.87%,-,-,5.85%,17.14%,24.92 - 42.41,6.14%,0.67 (1.69%),6.50,7.50%,5.76%,-6.87%,0.94,0.64 (1.62%),-,2.42%,-,58.49%,0.98,"Mar 10, 2025",-,55.84%,17.25%,46.93,2.64% 2.27%,3500,1.81,7.47%,9.02%,2.75,43.57,Yes / Yes,1.81,394.68%,16.84%,0.47,38.79,13.06%,22.57%,-5.02%,Feb 06 AMC,593.27K,39.49,-2.01%,0.01%,12.72%,,"67,118",1.82%,CNO
RUT,13.26,1.76,7.96%,38.37M,-2.92%,893.35M,7.15,142.46%,0.00%,35.32M,-13.33%,67.57M,-,0.44,70.05%,2.25%,-11.85%,534.62M,1.67,-23.72%,1.31%,3.91,-4.08%,29.47,0.79,0.75%,0.79M,17.40%,-,-,-,5.99%,17.07 - 29.31,1.62%,0.73 (3.14%),15.70,-3.25%,4.96%,-20.57%,1.10,0.72 (3.09%),-,14.42%,-,36.38%,0.78,"Feb 18, 2025",0.08,-15.21%,18.72%,38.48,2.84% 2.87%,493,0.63,6.06%,12.64%,1.50,30.75,Yes / Yes,0.10,6.57%,41.00%,0.57,22.91,2.17%,13.09%,-1.04%,Jan 30 BMO,202.99K,23.28,-5.58%,-4.52%,-1.58%,,"28,055",1.62%,CNOB
RUT,7.63,9.61,2.44%,54.02M,8.89%,3.96B,4.52,87.55%,0.00%,52.70M,-12.56%,286.40M,0.41,1.26,57.20%,5.99%,-36.74%,2.21B,1.79,-10.01%,16.45%,3.10,-19.58%,53.33,1.37,9.77%,3.16M,-9.92%,9.25,7.93,18.46%,19.67%,66.54 - 134.59,-31.29%,0.40 (0.55%),13.27,27.90%,17.17%,-45.54%,1.43,0.60 (0.82%),1.33,14.87%,19.99%,10.16%,4.13,"Mar 03, 2025",1.52,-51.56%,14.78%,42.78,7.21% 5.58%,2076,0.14,-13.20%,12.96%,1.50,110.75,Yes / Yes,0.06,-79.25%,5.20%,0.48,72.52,-23.90%,-61.19%,-8.22%,Feb 20 BMO,1.02M,73.30,-1.11%,-15.64%,-27.10%,,"119,171",1.08%,CNR
-,11.83,3.71,29.24%,64.24M,-6.75%,2.83B,3.48,10.46%,-0.07%,45.53M,-7.94%,241.05M,2.44,2.59,76.27%,18.04%,-3.43%,9.62B,0.29,0.16%,9.14%,10.98,-35.87%,62.89,0.70,1.97%,8.21M,-30.44%,6.68,6.58,4.85%,5.89%,36.28 - 77.00,1.51%,1.36 (3.09%),6.59,10.35%,2.56%,-42.96%,0.73,1.27 (2.89%),1.42,15.90%,28.58%,21.06%,2.08,"Jan 31, 2025",1.42,-35.86%,7.88%,42.26,5.91% 4.74%,450000,1.39,35.20%,2.51%,1.83,66.20,Yes / Yes,1.33,57.01%,33.39%,0.71,43.32,0.31%,8.38%,9.75%,Mar 26 AMC,747.77K,43.92,-3.31%,-7.43%,-19.07%,,"128,994",1.39%,CNXC
S&P 500,14.64,11.59,1.33%,381.23M,-2.04%,64.68B,9.24,19.43%,-1.48%,376.25M,-13.69%,4.45B,0.84,3.64,95.10%,5.74%,-7.77%,53.35B,1.21,10.06%,3.68%,6.07,24.31%,159.44,1.06,0.96%,21.61M,20.93%,-,-,17.53%,7.86%,128.23 - 210.67,-4.87%,2.52 (1.48%),3.82,0.96%,4.57%,-19.48%,1.28,2.40 (1.41%),-,10.45%,-,32.29%,6.81,"Feb 18, 2025",0.49,-3.02%,10.12%,35.05,3.84% 3.54%,52600,0.67,9.06%,8.33%,1.88,219.33,Yes / Yes,0.60,59.68%,20.71%,0.86,166.12,-0.24%,9.27%,6.39%,Jan 21 AMC,3.56M,169.63,-9.78%,-11.47%,3.63%,,"738,986",2.11%,COF
RUT,8.78,3.25,10.26%,8.97M,-6.76%,255.97M,7.62,10.52%,0.11%,8.05M,-13.33%,26.73M,-,0.78,36.61%,6.83%,-23.61%,138.90M,1.84,0.59%,6.59%,15.89,-5.25%,29.05,0.98,1.00%,0.55M,8.64%,-,-,-,11.72%,21.52 - 38.15,-19.92%,1.13 (3.96%),21.40,15.52%,5.67%,-25.19%,0.64,1.09 (3.82%),-,30.25%,-,32.62%,0.80,"Mar 14, 2025",0.06,15.69%,24.57%,12.96,3.95% 2.59%,389,0.81,21.70%,19.24%,1.00,37.33,No / Yes,0.81,12.86%,33.54%,0.84,28.52,1.26%,0.61%,13.46%,Jan 22 AMC,34.62K,28.54,-8.03%,-12.87%,-8.43%,,"6,989",0.07%,COFS
-,9.64,2.55,0.84%,209.54M,-1.84%,5.15B,8.58,6.99%,-0.25%,207.89M,-9.70%,533.67M,3.92,0.63,93.06%,3.48%,-16.73%,2.97B,1.73,-1.24%,-0.33%,4.66,4.68%,24.43,1.01,1.03%,7.24M,27.56%,-,-,2.46%,10.55%,17.08 - 32.85,-9.00%,1.45 (5.89%),8.27,-0.98%,6.10%,-25.18%,0.52,1.44 (5.86%),-,45.09%,-,43.95%,0.80,"Feb 28, 2025",0.05,54.79%,23.11%,35.17,3.71% 2.92%,4721,0.76,7.84%,17.96%,2.55,32.05,Yes / Yes,0.71,52.33%,56.48%,0.64,23.94,0.57%,9.05%,-4.07%,Jan 23 AMC,1.55M,24.58,-4.94%,-8.92%,-3.88%,,"241,945",2.67%,COLB
-,9.15,0.62,0.24%,84.77M,-1.02%,483.11M,8.72,3.30%,0.00%,84.57M,-3.14%,52.96M,0.55,-,4.32%,0.01%,-4.70%,526.88M,0.92,-7.41%,-0.50%,1.00,0.51%,3.77,1.51,6.12%,0.01M,-6.73%,0.23,24.95,16.71%,16.44%,5.10 - 6.65,8.97%,0.65 (11.38%),7.06,6.01%,8.83%,-14.30%,0.39,0.55 (9.63%),0.29,5.91%,42.64%,11.75%,0.13,"Nov 21, 2024",1.30,18.03%,19.90%,45.89,1.35% 1.98%,-,1.24,1.12%,10.05%,3.00,6.49,No / Yes,0.86,44.35%,81.00%,0.08,5.75,-3.09%,-21.30%,3.75%,Oct 28 BMO,6.48K,5.70,-1.35%,-0.51%,-0.78%,,128,-0.89%,CPAC
RUT,11.10,0.79,58.51%,21.41M,-7.07%,187.52M,3.03,59.67%,-2.62%,8.88M,-20.64%,19.20M,-,0.30,25.90%,3.36%,-18.04%,377.51M,0.50,129.11%,0.96%,12.20,-7.75%,13.32,0.66,0.60%,0.30M,5.87%,6.41,1.36,-,6.77%,7.03 - 12.73,-19.48%,-,0.85,28.60%,0.56%,-31.30%,1.78,-,-,3.37%,100.00%,24.40%,0.54,-,-,-58.56%,57.93%,30.04,7.93% 5.72%,890,10.69,11.03%,5.09%,1.00,18.00,Yes / Yes,10.69,-27.31%,0.00%,0.15,8.51,2.87%,-22.22%,22.48%,Feb 26 BMO,24.44K,8.74,-11.73%,-18.78%,-11.58%,,886,2.76%,CPSS
-,8.10,3.85,33.61%,561.49M,-2.65%,17.34B,5.15,14.73%,-45.65%,369.12M,-4.79%,2.23B,0.59,1.22,67.52%,2.40%,3.14%,18.72B,0.93,9.27%,8.49%,2.97,16.34%,20.41,1.53,0.62%,8.85M,24.66%,-,-,13.73%,19.20%,23.97 - 35.36,4.21%,0.98 (3.14%),8.06,116.91%,9.77%,-11.79%,1.04,0.92 (2.95%),-,11.16%,-,30.12%,1.19,"Mar 17, 2025",-,126.74%,16.62%,44.17,4.37% 3.71%,5200,1.09,1.72%,11.91%,1.41,38.60,Yes / Yes,0.99,286.98%,24.72%,0.35,30.55,-13.65%,2.68%,150.30%,Feb 12 AMC,2.98M,31.19,-4.27%,-3.44%,3.25%,,"250,943",2.09%,CRBG
RUT,10.54,4.11,17.66%,91.10M,4.41%,3.93B,10.81,9.40%,-0.79%,74.75M,-5.39%,376.00M,2.28,0.82,87.44%,5.21%,-20.99%,2.96B,1.33,-5.81%,-0.25%,4.88,-10.50%,38.84,1.12,6.75%,3.89M,-16.84%,4.10,10.57,4.62%,13.06%,38.02 - 60.41,-16.52%,1.51 (3.48%),11.24,-,7.92%,-28.29%,1.46,1.47 (3.40%),0.95,7.53%,40.58%,13.94%,1.70,"Mar 10, 2025",1.04,-47.76%,21.95%,43.48,3.60% 4.04%,1550,0.35,5.12%,12.72%,1.31,66.93,Yes / Yes,0.34,-86.24%,30.20%,0.59,42.05,-2.70%,-8.00%,52.55%,Mar 03 BMO,797.78K,43.32,-1.76%,-10.29%,-14.98%,,"113,370",3.02%,CRC
-,7.69,5.13,3.37%,36.04M,-5.06%,1.42B,10.28,0.40%,0.00%,34.80M,-23.88%,181.79M,-,0.54,119.11%,14.10%,-28.20%,2.84B,0.50,-34.22%,9.51%,3.74,-42.76%,23.71,1.66,7.56%,4.91M,-53.89%,11.47,3.44,-14.34%,21.39%,39.48 - 87.97,-27.24%,3.16 (8.02%),5.85,-2.63%,9.80%,-55.18%,1.09,3.20 (8.12%),1.26,-3.68%,48.00%,-0.13%,2.16,"Mar 10, 2025",2.25,-18.26%,9.33%,28.71,5.89% 4.83%,15350,1.32,-3.45%,6.39%,3.14,45.75,Yes / Yes,1.17,-41.12%,62.52%,0.48,39.88,2.64%,26.52%,0.22%,Feb 25 BMO,1.31M,39.43,-11.86%,-20.72%,-32.68%,,"151,819",-1.13%,CRI
-,9.96,0.27,26.03%,85.87M,6.27%,232.70M,6.66,43.95%,0.00%,63.52M,-23.01%,24.06M,-,0.03,21.00%,0.63%,-39.78%,394.19M,0.59,-31.10%,25.99%,0.18,-2.17%,1.84,1.48,7.48%,0.40M,-11.73%,0.41,6.59,-,16.02%,2.33 - 5.73,-41.97%,-,20.03,-,13.42%,-52.71%,1.55,-,1.33,7.07%,34.59%,16.56%,0.23,-,1.72,278.70%,10.90%,36.69,5.82% 6.55%,1407,0.25,13.54%,6.10%,1.00,6.50,Yes / Yes,0.08,383.69%,0.00%,0.54,2.59,1.67%,-4.66%,18.34%,Feb 11 BMO,2.24M,2.71,-4.21%,-31.25%,-15.48%,,"295,656",4.63%,CRNT
-,6.21,15.98,3.79%,56.48M,-0.63%,5.56B,7.08,7.09%,-0.77%,53.93M,11.68%,950.07M,3.88,2.48,100.41%,12.44%,-10.98%,4.10B,1.36,-0.60%,2.10%,4.18,-22.58%,32.51,3.05,20.09%,6.71M,-21.01%,3.22,30.81,1.60%,57.76%,88.25 - 165.32,-9.42%,-,6.02,56.99%,27.39%,-39.99%,1.63,-,0.70,29.64%,58.76%,12.42%,4.56,-,1.18,24.55%,24.91%,45.65,4.49% 4.35%,7910,0.93,3.53%,23.16%,1.81,127.50,Yes / Yes,0.89,52.87%,0.00%,0.71,100.00,2.93%,11.52%,3.09%,Feb 13 BMO,1.60M,99.21,-3.88%,-3.64%,-19.82%,,"276,963",-0.79%,CROX
RUT,9.75,5.08,8.39%,31.35M,-1.26%,1.56B,6.84,18.08%,-7.85%,28.83M,-11.39%,166.43M,-,1.32,89.15%,5.82%,-7.02%,1.39B,1.13,20.63%,-2.99%,5.17,2.07%,54.20,0.91,0.83%,1.68M,-5.14%,-,-,-,10.44%,42.31 - 68.49,1.82%,-,10.86,19.93%,5.59%,-27.63%,1.50,-,-,22.62%,-,17.15%,1.71,-,0.31,-29.58%,16.19%,38.68,3.72% 3.07%,787,0.79,-3.61%,12.01%,2.00,68.75,Yes / Yes,0.62,-60.08%,0.00%,0.47,49.09,5.69%,-40.36%,-10.03%,Jan 23 AMC,324.61K,49.57,-5.24%,-5.82%,-2.47%,,"37,353",0.97%,CUBI
-,12.75,1.39,0.01%,145.38M,-6.33%,2.58B,8.51,17.22%,-54.62%,145.36M,-24.24%,1.92B,0.67,0.02,29.84%,3.55%,-24.50%,25.02B,0.10,25.28%,-2.13%,2.89,18.73%,7.07,2.51,3.90%,5.16M,20.75%,8.32,2.13,18.93%,23.75%,12.50 - 26.14,-21.15%,-,1.99,-19.76%,5.26%,-32.10%,2.46,-,0.22,98.41%,27.28%,42.00%,0.95,"Feb 20, 2020",0.26,2613.86%,14.28%,28.91,5.31% 4.64%,-,3.12,15.87%,7.66%,1.62,30.01,Yes / Yes,2.94,707.63%,-,0.78,17.38,0.14%,90.48%,10.02%,Dec 20 BMO,1.78M,17.75,-13.08%,-20.04%,-6.06%,,"335,407",2.13%,CUK
-,11.00,1.21,30.32%,1.82B,4.08%,24.18B,7.48,14.49%,0.00%,1.27B,-12.76%,2.28B,0.49,0.37,50.88%,1.01%,-12.30%,39.66B,0.61,31.49%,-0.41%,1.18,-18.00%,11.21,1.18,5.76%,12.89M,-25.68%,1.18,11.24,22.25%,10.88%,12.07 - 21.79,-12.47%,0.57 (4.28%),7.89,-1.85%,8.28%,-39.15%,1.49,0.49 (3.72%),0.81,49.85%,10.39%,9.81%,0.50,"Mar 14, 2025",1.42,-23.02%,8.93%,43.29,3.69% 3.58%,7150,0.36,2.52%,5.75%,1.26,20.16,Yes / Yes,0.33,-82.50%,40.51%,0.58,13.07,3.38%,-64.46%,-12.90%,Feb 20 BMO,10.94M,13.26,-3.20%,-8.57%,-21.33%,,"1,551,078",1.45%,CVE
-,9.33,0.64,0.00%,1.51B,-1.57%,9.02B,7.44,16.73%,-,1.51B,-9.48%,938.81M,0.66,0.10,31.32%,1.43%,4.10%,16.53B,0.55,12.58%,0.00%,2.12,3.38%,7.03,0.85,3.29%,21.64M,-26.18%,0.57,10.44,14.12%,8.39%,5.00 - 9.27,5.76%,0.13 (2.21%),11.22,60.47%,5.10%,-35.62%,1.25,0.08 (1.39%),0.58,4.45%,32.22%,19.30%,0.24,"Mar 10, 2025",0.82,417.07%,11.50%,44.21,4.06% 3.67%,44494,0.68,-5.07%,5.68%,1.53,8.37,Yes / Yes,0.59,110.94%,13.35%,1.14,5.87,-1.69%,299.00%,-10.18%,Feb 06 BMO,10.23M,5.97,-4.85%,-1.49%,-2.00%,,"2,815,010",1.62%,CX
RUT,9.50,5.85,6.89%,4.76M,-5.86%,264.67M,8.24,5.47%,0.09%,4.43M,-8.93%,27.82M,-,1.49,26.26%,1.01%,-22.75%,169.51M,1.56,6.49%,8.67%,3.60,8.74%,62.97,0.88,0.92%,0.04M,31.38%,-,-,-,9.60%,38.52 - 75.40,-12.16%,2.00 (3.60%),8.86,2.13%,8.31%,-26.25%,0.46,1.95 (3.50%),-,20.28%,-,44.35%,2.16,"Mar 14, 2025",0.03,51.03%,19.87%,37.86,3.31% 3.54%,410,1.03,22.34%,16.41%,1.00,70.00,No / Yes,0.12,5.76%,33.34%,0.33,56.21,-,9.09%,2.87%,Jan 30 AMC,12.36K,55.61,-6.10%,-8.18%,-1.58%,,969,-1.07%,CZFS
RUT,11.91,1.69,4.82%,15.43M,-1.71%,310.71M,9.97,5.50%,0.21%,14.72M,-6.64%,25.82M,-,0.44,33.30%,0.39%,-2.95%,157.34M,1.97,13.02%,2.77%,1.55,6.35%,17.84,1.13,1.01%,0.06M,12.05%,-,-,-,9.60%,16.50 - 22.68,8.01%,1.12 (5.57%),11.15,2.98%,5.35%,-11.42%,0.40,1.12 (5.57%),-,13.48%,-,21.76%,0.53,"Feb 03, 2025",0.36,7.29%,20.26%,43.55,2.85% 2.41%,404,0.75,3.55%,16.41%,3.00,21.00,Yes / Yes,0.75,90.10%,66.39%,0.22,19.79,-2.03%,12.77%,13.82%,Jan 23 AMC,37.31K,20.09,-3.05%,-1.19%,3.61%,,"1,955",1.52%,CZNC
-,10.48,1.34,10.01%,9.98M,-5.50%,140.63M,8.84,21.92%,0.00%,9.03M,-10.10%,13.75M,-,0.27,49.97%,0.24%,-16.92%,99.29M,1.42,-3.70%,4.01%,0.93,4.20%,17.94,0.78,0.76%,0.02M,14.88%,-,-,-,7.80%,10.14 - 17.04,-13.97%,0.36 (2.57%),-,9.51%,5.60%,-17.75%,0.84,0.36 (2.57%),-,7.12%,-,38.22%,0.38,"Feb 07, 2025",0.06,7.23%,17.97%,28.61,4.35% 2.31%,232,0.37,5.83%,13.85%,1.00,18.50,No / Yes,0.37,-23.56%,23.88%,0.30,13.78,-0.93%,0.00%,-1.38%,Jan 27 BMO,23.68K,14.02,-5.87%,-9.34%,-0.35%,,"1,740",1.71%,CZWI
-,3.01,25.92,49.71%,18.99M,-3.28%,1.46B,2.87,-4.23%,0.00%,9.39M,-5.85%,505.07M,-,6.56,20.12%,5.50%,-4.99%,1.01B,1.44,3.28%,-3.67%,4.80,-0.43%,180.37,0.43,12.62%,0.52M,8.80%,27.54,2.83,-8.90%,15.68%,69.33 - 98.25,-2.52%,3.40 (4.36%),-,25.74%,12.25%,-20.56%,1.30,3.30 (4.23%),3.83,19.71%,60.14%,12.58%,1.93,"Feb 24, 2025",3.97,-9.89%,52.75%,41.95,2.50% 2.46%,2125,0.21,6.00%,50.03%,2.00,97.00,Yes / Yes,0.20,-38.93%,12.47%,0.79,78.75,1.89%,4.40%,5.42%,Feb 10 AMC,107.45K,78.05,-3.55%,-2.56%,-6.41%,,"20,541",-0.89%,DAC
S&P 500,8.42,5.33,0.42%,646.47M,-15.81%,28.97B,5.40,13.74%,-15.26%,643.28M,-32.38%,3.46B,0.58,0.57,82.16%,4.12%,-28.54%,61.64B,0.47,18.65%,3.08%,2.87,1.30%,23.66,1.90,4.27%,26.48M,4.90%,5.01,8.95,14.56%,26.19%,37.29 - 69.98,-25.86%,0.51 (1.14%),10.04,-6.08%,9.84%,-35.90%,1.24,0.55 (1.23%),0.32,20.28%,17.75%,20.29%,2.83,"Feb 27, 2025",0.37,-25.26%,9.73%,22.36,7.11% 5.08%,103000,1.49,6.19%,5.61%,1.36,77.85,Yes / Yes,1.30,-59.12%,9.37%,1.28,43.92,1.72%,5.29%,9.39%,Jan 10 BMO,9.24M,44.85,-20.79%,-27.70%,-16.57%,,"2,872,024",2.13%,DAL
-,11.67,2.07,7.98%,1.90B,-0.19%,45.76B,7.30,11.62%,0.00%,1.75B,19.86%,2.95B,0.85,1.00,39.85%,0.43%,35.17%,63.20B,0.72,16.34%,-1.61%,2.63,53.89%,37.23,0.65,0.29%,7.51M,62.06%,-,-,13.67%,6.10%,13.70 - 24.44,41.44%,1.05 (4.37%),-,-,1.38%,-1.33%,1.03,0.49 (2.03%),-,0.95%,-,76.02%,0.76,"May 23, 2025",5.74,-36.03%,8.89%,68.97,2.31% 2.34%,90130,2.11,-1.57%,4.66%,2.28,22.61,Yes / Yes,1.95,-91.66%,21.73%,2.04,22.98,1.64%,6.10%,-54.47%,Jan 30 BMO,2.86M,24.11,9.58%,19.81%,38.23%,,"1,410,319",4.94%,DB
-,3.98,2.48,-,49.55M,1.23%,488.56M,0.32,-9.25%,-,49.54M,-1.50%,122.81M,-,8.25,10.46%,0.15%,-16.37%,340.39M,1.44,-32.16%,6.18%,1.89,-27.34%,16.98,0.58,14.06%,0.07M,-32.88%,8.37,1.18,-2.68%,15.28%,8.56 - 18.21,-5.56%,-,3.32,-31.38%,13.97%,-45.87%,0.89,-,21.04,5.42%,84.38%,15.14%,0.40,"Dec 21, 2009",19.38,20.82%,39.70%,47.73,4.84% 3.93%,127,0.05,10.32%,36.08%,1.00,20.25,No / Yes,0.04,37.00%,0.00%,0.06,9.59,-4.31%,23.34%,-2.43%,Feb 11 AMC,38.45K,9.86,-0.10%,-3.23%,-21.06%,,531,2.87%,DDI
RUT,3.93,3.01,-,46.86M,4.96%,602.06M,5.51,2.45%,-,44.86M,-30.35%,143.09M,-,0.52,69.44%,2.40%,-23.61%,749.63M,0.80,-76.83%,7.42%,2.56,7.83%,11.44,1.04,20.75%,1.07M,0.77%,0.43,27.26,-,350.03%,10.54 - 17.70,-29.52%,1.26 (10.62%),2.61,9.16%,7.13%,-33.11%,0.86,1.16 (9.80%),0.44,42.67%,11.20%,12.37%,0.53,"Feb 28, 2025",0.44,-85.75%,-1.46%,30.72,4.25% 4.03%,1603,3.17,-49.11%,19.09%,1.00,28.72,No / Yes,2.75,-97.64%,-,0.67,11.71,-,-,-24.34%,Mar 17 BMO,419.86K,11.84,-9.69%,-21.98%,-16.10%,,"68,210",1.11%,DEC
RUT,9.50,0.41,3.44%,51.33M,-6.23%,201.34M,7.24,8.46%,1.73%,49.84M,-23.81%,21.57M,-,0.09,86.52%,6.56%,-38.76%,452.33M,0.45,-8.06%,3.36%,2.60,-33.20%,-0.66,-,4.07%,3.27M,-57.51%,0.05,71.91,-,-,3.85 - 9.25,-35.52%,-,218.84,-26.40%,6.04%,-57.83%,1.85,-,0.40,1.01%,28.19%,1.32%,0.30,-,0.42,15.46%,10.46%,25.31,5.77% 7.38%,3800,-,-2.50%,4.77%,1.78,7.50,Yes / Yes,-,141.64%,0.00%,0.79,3.91,-1.18%,-8.44%,-0.59%,Feb 12 BMO,1.26M,3.90,-16.28%,-30.06%,-37.99%,,"240,711",-0.23%,DENN
RUT,7.48,3.21,70.11%,35.71M,-5.44%,2.24B,6.56,12.80%,-1.34%,27.93M,14.45%,321.84M,-,0.56,34.09%,23.01%,-20.04%,4.45B,0.50,-2.99%,21.89%,11.66,-22.79%,13.32,1.80,11.33%,6.43M,-40.18%,3.64,6.60,-,27.19%,20.54 - 44.38,3.09%,-,-,57.10%,11.93%,-45.95%,1.90,-,0.70,38.08%,18.70%,16.79%,1.38,-,3.90,13.43%,9.72%,50.90,6.10% 5.98%,1686,0.94,18.74%,7.23%,3.00,29.00,Yes / Yes,0.94,29.79%,0.00%,0.35,23.40,12.01%,17.27%,37.15%,Feb 25 BMO,551.48K,23.99,1.65%,3.11%,-15.47%,,"46,331",2.52%,DFH
RUT,14.25,3.06,5.71%,28.70M,-7.61%,1.25B,10.63,10.79%,-27.01%,26.97M,-33.47%,92.40M,-,0.74,100.18%,4.30%,-28.72%,781.90M,1.60,7.75%,3.20%,4.15,-33.41%,15.20,2.87,10.98%,1.16M,-32.27%,2.00,21.79,-,22.04%,42.31 - 71.01,-30.43%,-,11.87,22.79%,16.28%,-38.54%,1.23,-,1.02,-1.81%,54.20%,3.15%,2.07,-,1.04,12.72%,17.00%,26.77,4.30% 4.99%,1800,0.33,-1.92%,11.82%,1.00,71.33,Yes / Yes,0.30,-39.17%,0.00%,0.22,43.47,-7.63%,-17.75%,-11.44%,Feb 18 BMO,279.43K,43.64,-9.77%,-24.59%,-29.25%,,"14,993",0.40%,DFIN
S&P 500,10.49,15.56,0.58%,251.34M,-2.57%,41.07B,10.28,14.59%,0.00%,250.16M,-13.51%,3.91B,14.37,3.37,84.33%,2.12%,-7.13%,23.68B,1.73,-21.81%,-1.44%,3.06,26.84%,67.12,2.43,2.65%,5.30M,30.84%,-,-,0.73%,24.68%,119.31 - 205.76,-5.78%,2.86 (1.75%),5.03,14.28%,13.95%,-20.68%,1.22,2.80 (1.72%),-,12.10%,-,36.80%,7.14,"Feb 20, 2025",0.20,45.76%,22.63%,35.53,4.09% 3.88%,21000,0.91,15.25%,16.50%,2.21,213.69,Yes / Yes,0.56,427.97%,15.81%,0.44,159.23,8.50%,41.65%,10.63%,Jan 22 AMC,1.73M,163.22,-10.28%,-12.67%,4.82%,,"183,062",2.50%,DFS
S&P 500,12.88,6.07,0.28%,219.93M,-4.44%,17.20B,12.77,8.53%,-2.58%,219.30M,5.95%,1.34B,2.21,1.50,94.82%,4.84%,-5.08%,40.17B,0.43,-4.71%,-1.06%,2.82,-2.94%,33.39,2.34,4.30%,10.61M,-51.49%,2.44,32.01,5.83%,19.37%,66.43 - 168.07,3.15%,2.42 (3.09%),10.44,4.82%,5.82%,-53.47%,0.44,2.36 (3.02%),0.15,8.96%,27.27%,17.73%,3.42,"Apr 08, 2025",1.15,-30.27%,4.98%,54.20,6.98% 4.33%,185800,2.39,2.90%,3.33%,2.56,85.08,Yes / Yes,2.12,-28.92%,31.24%,1.16,79.95,0.44%,11.10%,5.05%,Mar 13 BMO,3.76M,78.21,2.43%,5.78%,-16.27%,,"1,060,080",-2.18%,DG
RUT,12.07,1.51,55.89%,29.95M,2.18%,637.04M,11.68,10.45%,1.52%,15.48M,21.45%,50.86M,-,0.35,31.03%,1.38%,12.48%,989.60M,0.64,0.57%,-,2.04,21.69%,15.58,1.17,2.96%,0.21M,35.58%,-,-,-,9.92%,12.26 - 18.25,18.23%,0.70 (3.82%),9.45,-1.76%,8.76%,0.22%,-0.03,0.69 (3.77%),-,4.13%,-,49.17%,0.48,"Feb 04, 2025",0.47,1000.07%,6.39%,73.42,2.58% 3.27%,851,0.06,6.71%,5.14%,3.00,16.50,Yes / Yes,0.06,1264.29%,45.13%,0.33,18.13,-7.08%,125.05%,4.38%,Feb 20 BMO,104.71K,18.29,7.43%,16.49%,22.62%,,"8,424",0.88%,DGICA
S&P 500,8.90,14.15,11.73%,317.65M,-5.59%,39.69B,8.81,11.37%,-0.02%,278.16M,-1.40%,4.65B,2.14,2.67,84.24%,2.44%,-19.77%,36.69B,1.08,-10.52%,0.01%,1.83,-31.97%,78.53,1.60,13.61%,6.78M,-18.54%,9.74,12.93,4.15%,19.35%,124.23 - 199.85,-9.91%,1.59 (1.26%),13.88,27.31%,15.62%,-36.97%,1.60,1.40 (1.11%),1.18,16.49%,25.73%,1.39%,3.91,"Feb 07, 2025",9.78,1.63%,16.28%,40.72,3.21% 2.87%,14766,0.21,2.12%,12.69%,2.36,166.64,Yes / Yes,0.19,-7.40%,8.37%,0.76,125.29,8.55%,10.96%,-1.46%,Jan 21 BMO,3.70M,125.96,-2.24%,-6.95%,-20.91%,,"682,331",0.53%,DHI
RUT,5.86,4.22,2.76%,15.27M,-5.47%,376.77M,4.54,2.92%,0.00%,14.83M,-6.30%,62.97M,0.94,1.24,96.86%,16.36%,-23.98%,812.31M,0.46,-1.03%,-2.80%,3.81,-14.74%,-14.14,-,3.57%,2.43M,-48.80%,15.02,1.64,6.23%,-,22.36 - 48.39,-17.94%,2.04 (8.26%),4.00,-6.33%,5.08%,-48.96%,1.42,2.04 (8.26%),0.87,-0.73%,44.86%,10.47%,1.29,"Mar 17, 2025",0.87,-32.36%,20.65%,41.52,5.88% 5.14%,992,-,-2.26%,7.75%,2.80,27.33,Yes / Yes,-,-84.24%,48.37%,0.53,24.44,2.07%,-35.30%,-0.74%,Mar 05 BMO,637.39K,24.70,-3.62%,-10.34%,-22.02%,,"82,015",1.06%,DIN
-,13.48,14.05,31.52%,81.47M,-11.58%,15.44B,12.26,7.15%,-0.67%,55.79M,-21.39%,1.17B,2.54,3.22,67.13%,7.59%,-11.37%,13.44B,1.15,2.67%,3.06%,3.55,-9.04%,38.06,4.98,11.30%,4.24M,3.95%,20.74,9.13,5.30%,40.08%,182.84 - 254.60,-17.21%,4.83 (2.55%),26.54,33.29%,16.22%,-25.59%,1.36,4.40 (2.32%),0.67,9.38%,38.06%,3.61%,8.62,"Mar 28, 2025",1.76,13.86%,11.39%,26.67,5.55% 3.97%,55500,1.40,3.53%,8.67%,2.17,241.25,Yes / Yes,1.25,1.49%,31.32%,1.37,186.55,3.10%,2.76%,0.45%,Mar 11 BMO,1.19M,189.45,-12.44%,-16.97%,-12.63%,,"397,503",1.55%,DKS
-,2.77,1.40,52.41%,36.75M,-1.52%,143.08M,3.32,7.34%,0.00%,17.49M,-10.57%,51.59M,-,0.29,23.99%,0.42%,-12.39%,156.40M,0.91,-2.68%,0.35%,0.75,5.99%,9.74,0.40,5.88%,0.07M,36.97%,1.85,2.10,-,11.06%,2.27 - 5.65,-28.49%,0.25 (6.43%),1.79,-,6.41%,-31.15%,1.13,0.10 (2.52%),79.42,4.03%,55.09%,71.37%,0.19,"Feb 24, 2025",79.42,43.83%,49.50%,37.64,4.65% 4.36%,-,0.66,-2.54%,32.99%,1.00,5.00,Yes / Yes,0.66,34.61%,3.50%,0.19,3.81,0.73%,14.29%,12.76%,Mar 06 BMO,97.11K,3.89,-2.04%,-15.38%,-6.42%,,"4,427",2.10%,DLNG
RUT,13.33,1.18,2.13%,44.31M,-3.82%,699.12M,4.35,9.05%,0.69%,43.48M,-14.39%,52.73M,-,0.71,88.55%,5.99%,-33.27%,2.12B,0.33,0.76%,1.32%,7.18,-16.88%,14.01,1.12,1.78%,2.60M,-18.05%,6.89,2.28,-,8.61%,15.13 - 24.87,-30.35%,-,7.00,-,2.47%,-36.73%,1.38,1.20 (7.63%),0.92,1.50%,53.18%,4.00%,0.62,"Feb 18, 2025",0.98,99.58%,10.33%,29.98,3.93% 3.42%,4981,2.52,-3.22%,2.49%,1.67,29.00,Yes / Yes,2.44,-17.01%,101.69%,0.38,15.62,-2.61%,0.90%,-3.14%,Feb 05 AMC,362.34K,15.73,-4.57%,-19.97%,-24.69%,,"33,406",0.74%,DLX
RUT,10.75,1.32,32.63%,95.04M,-4.85%,1.35B,9.40,14.40%,0.00%,64.10M,3.43%,125.51M,1.68,0.39,53.53%,2.48%,-4.27%,8.48B,0.16,3.52%,-0.85%,3.17,-9.19%,13.61,1.04,3.22%,1.59M,19.42%,3.53,4.00,6.41%,12.14%,11.40 - 17.12,4.43%,0.33 (2.34%),6.63,25.94%,5.14%,-17.41%,0.78,0.32 (2.26%),0.91,14.92%,8.42%,24.03%,0.39,"Mar 20, 2025",1.18,-13.96%,2.83%,48.92,3.82% 2.73%,35371,1.01,2.79%,1.48%,1.75,17.12,Yes / Yes,0.89,-337.19%,24.34%,0.51,14.10,5.91%,109.15%,4.59%,Feb 26 BMO,501.61K,14.14,-0.79%,3.14%,-2.16%,,"62,572",0.28%,DOLE
S&P 500,13.31,10.74,4.49%,80.54M,-2.70%,11.44B,10.99,17.72%,-22.00%,76.41M,-16.83%,936.34M,0.90,2.03,91.91%,5.96%,-6.99%,12.82B,0.89,14.21%,-3.04%,5.04,-7.10%,1.50,95.12,5.26%,4.56M,2.76%,11.64,12.29,14.87%,159.08%,125.64 - 179.60,-4.34%,1.67 (1.17%),7.77,15.27%,8.14%,-20.35%,1.07,-,1.21,2.41%,27.26%,13.86%,5.18,-,1.26,45.02%,15.25%,40.27,4.65% 3.54%,76000,99.63,5.56%,7.31%,2.92,169.14,Yes / Yes,94.00,90.44%,0.00%,0.52,141.12,1.00%,5.35%,4.73%,Feb 13 AMC,904.77K,143.05,-1.98%,-9.71%,-6.35%,,"113,903",1.37%,DVA
S&P 500,7.43,4.57,5.03%,650.70M,-2.09%,22.06B,6.63,9.41%,0.00%,616.34M,0.04%,2.89B,3.10,1.15,73.55%,2.91%,-2.15%,15.57B,1.42,-2.86%,3.74%,1.69,-14.42%,22.28,1.53,10.32%,17.92M,-26.09%,1.30,26.07,2.40%,21.77%,30.39 - 54.63,3.83%,0.97 (2.86%),-,-,12.45%,-37.80%,1.58,0.88 (2.58%),0.95,41.62%,27.68%,11.82%,1.27,"Mar 14, 2025",1.04,-21.63%,24.47%,44.43,3.48% 3.74%,2300,0.64,3.00%,18.57%,1.74,49.59,Yes / Yes,0.60,-45.64%,31.80%,0.59,33.79,4.66%,15.49%,10.00%,Feb 18 AMC,10.60M,33.98,-3.72%,-3.50%,-15.19%,,"1,513,438",0.57%,DVN
RUT,11.86,0.15,9.57%,54.68M,-6.67%,98.84M,11.74,63.16%,0.00%,49.11M,-27.49%,9.61M,-,0.03,86.58%,7.73%,-29.73%,484.95M,0.20,-81.00%,-9.17%,18.05,-30.80%,2.66,0.68,2.55%,3.80M,-51.34%,0.79,2.30,-,6.48%,1.77 - 3.93,-32.34%,-,39.07,-,3.30%,-53.69%,0.81,-,0.57,5.86%,44.35%,2.82%,0.11,-,1.57,-67.34%,2.81%,20.79,6.47% 5.08%,1439,1.25,-8.25%,1.98%,2.00,2.75,Yes / Yes,1.00,-149.92%,0.00%,0.38,1.81,-5.46%,-866.67%,-9.80%,Mar 20 BMO,210.37K,1.82,-15.56%,-26.67%,-36.67%,,"19,264",0.55%,DXLG
-,13.52,1.24,8.67%,8.03M,-2.88%,134.92M,9.80,10.54%,-3.18%,7.32M,11.02%,9.78M,-,0.32,42.07%,0.30%,-1.23%,118.64M,1.14,25.30%,2.03%,0.80,12.28%,21.77,0.77,0.47%,0.02M,29.46%,-,-,-,5.68%,12.32 - 18.37,9.79%,0.57 (3.39%),46.21,-5.92%,2.61%,-8.38%,0.39,0.57 (3.37%),-,15.93%,-,36.61%,0.41,"Feb 14, 2025",0.11,-3.38%,6.82%,47.66,2.19% 2.86%,383,1.14,13.65%,8.24%,3.00,16.67,No / Yes,1.14,57.57%,45.38%,0.08,16.83,3.88%,50.84%,11.94%,Jan 28 BMO,26.90K,16.83,-3.98%,4.72%,9.77%,,502,0.00%,EBMT
-,8.51,0.82,-,1.97B,4.07%,13.75B,7.17,42.07%,-,-,11.71%,1.88B,-,0.13,1.40%,-,14.83%,7.36B,1.87,37.47%,-0.69%,1.23,-6.00%,9.31,0.75,3.52%,1.86M,-20.26%,2.72,2.57,-,8.91%,5.45 - 8.92,22.26%,0.29 (4.17%),14.08,-31.61%,5.97%,-21.60%,0.65,0.08 (1.12%),2.04,1.06%,45.51%,28.26%,0.17,"Dec 30, 2024",2.06,191.13%,25.22%,71.51,2.39% 2.22%,8328,0.63,2.94%,25.51%,1.00,9.08,No / Yes,0.50,333.08%,14.53%,1.23,6.85,0.31%,0.00%,10.72%,Mar 13 AMC,1.51M,6.99,5.51%,12.34%,5.76%,,"451,540",2.09%,EBR
-,5.62,1.78,0.00%,2.06B,1.08%,20.61B,6.16,-8.55%,-,2.06B,4.12%,3.67B,13.06,0.48,0.99%,0.70%,19.94%,32.06B,0.64,3.23%,-39.82%,5.44,11.91%,9.24,1.09,5.19%,14.39M,-4.04%,1.65,6.09,0.43%,18.70%,7.21 - 12.73,26.60%,0.95 (9.52%),2.77,-1.92%,8.40%,-21.22%,0.91,1.40 (13.91%),1.27,12.15%,31.90%,39.07%,0.34,"Jun 25, 2024",1.53,-16.75%,25.21%,56.06,3.29% 3.49%,-,1.43,-1.24%,11.45%,3.42,9.68,Yes / Yes,1.30,-13.69%,73.28%,0.84,9.78,3.54%,22.38%,-0.92%,Mar 04 AMC,2.65M,10.03,0.12%,7.17%,5.79%,,"536,119",2.52%,EC
-,14.20,2.81,0.47%,50.98M,-0.07%,2.04B,14.51,11.02%,1.59%,50.76M,-28.66%,143.42M,-,0.43,73.04%,2.54%,-39.63%,2.85B,0.71,-11.74%,38.62%,1.76,-,8.29,4.82,11.74%,1.29M,-,1.69,23.68,-,32.92%,37.00 - 77.93,-39.25%,-,-,-,19.27%,-48.75%,-,-,1.70,12.38%,11.85%,7.95%,3.04,-,1.79,4.51%,6.66%,36.37,5.66% 8.01%,8700,0.86,-0.16%,5.03%,2.00,61.67,No / Yes,0.76,-5.56%,0.00%,0.29,37.79,12.55%,-2.59%,19.49%,Feb 11 AMC,731.80K,39.94,-3.92%,-30.56%,-33.45%,,"51,482",5.69%,ECG
-,6.37,3.38,83.13%,32.19M,-1.10%,682.70M,4.93,19.27%,0.00%,5.31M,-11.50%,108.86M,0.41,0.36,16.81%,5.01%,3.36%,393.23M,1.74,10.49%,-1.63%,1.13,-28.14%,12.75,1.69,9.85%,0.27M,-24.65%,1.57,13.71,15.65%,26.60%,18.79 - 36.69,1.36%,3.78 (17.53%),4.51,57.14%,10.79%,-41.26%,-,0.35 (1.62%),1.30,37.84%,46.40%,14.69%,0.96,"Mar 03, 2025",1.64,-25.05%,41.44%,46.79,3.71% 4.12%,14,1.57,-4.81%,27.68%,1.00,29.92,No / Yes,1.46,-37.93%,97.89%,0.35,21.44,-12.67%,-7.87%,-7.07%,Feb 19 AMC,235.45K,21.55,-0.86%,-5.82%,-21.94%,,"19,674",0.51%,ECO
-,7.55,4.32,23.55%,5.11M,0.93%,166.66M,7.77,21.42%,1.29%,3.91M,-0.61%,15.34M,-,0.83,11.74%,0.02%,-1.81%,108.34M,1.54,1.47%,27.85%,0.09,8.70%,33.52,0.97,0.83%,0.00M,7.77%,-,-,-,13.50%,27.02 - 36.93,-10.44%,1.24 (3.80%),43.63,8.76%,5.71%,-11.72%,0.31,1.22 (3.74%),-,21.00%,-,20.65%,0.59,"Feb 03, 2025",0.48,62.54%,13.44%,38.10,3.11% 1.51%,241,1.26,10.70%,14.16%,1.00,40.00,No / Yes,1.26,155.81%,28.01%,1.53,32.55,-,-,9.73%,Jan 24 AMC,10.91K,32.60,0.04%,-5.09%,1.55%,,"4,033",0.15%,EFSI
S&P 500,11.14,31.81,23.96%,43.00M,-2.56%,15.22B,5.70,28.34%,0.02%,32.65M,6.90%,1.36B,0.32,7.21,94.83%,2.69%,-2.21%,17.28B,0.88,62.36%,0.29%,2.10,-5.87%,322.67,1.10,2.78%,0.88M,-7.59%,-,-,34.29%,10.14%,327.37 - 407.30,-2.21%,8.48 (2.39%),2.84,5.19%,7.73%,-12.97%,0.44,7.75 (2.19%),-,16.26%,-,8.27%,7.32,"Mar 17, 2025",0.52,-46.75%,9.49%,54.05,2.31% 1.86%,3037,0.27,18.47%,7.86%,2.47,396.75,Yes / Yes,0.27,-173.44%,24.37%,0.43,349.59,3.62%,-28.88%,26.70%,Feb 03 AMC,417.92K,354.45,1.69%,0.74%,-4.63%,,"43,389",1.39%,EG
RUT,5.01,0.86,1.47%,103.74M,11.64%,452.88M,4.31,217.46%,0.29%,103.56M,2.60%,89.84M,-,0.08,60.90%,4.34%,-10.97%,506.42M,0.89,-25.00%,2.83%,5.22,-19.75%,4.83,0.89,10.18%,4.49M,-0.71%,0.85,5.07,-,19.01%,3.57 - 7.51,-1.39%,0.27 (6.21%),11.44,-19.09%,15.65%,-42.58%,0.74,0.31 (7.25%),1.32,70.56%,40.69%,20.71%,0.20,"Feb 28, 2025",1.34,171.50%,35.69%,58.48,4.54% 4.00%,189,0.17,25.82%,17.74%,1.00,8.95,Yes / Yes,0.15,83.16%,44.60%,3.03,3.79,12.91%,55.56%,20.70%,Mar 14 BMO,860.19K,4.31,5.84%,1.88%,-21.24%,,"631,851",13.70%,EGY
RUT,10.59,4.71,2.04%,24.56M,2.30%,1.21B,13.66,-1.99%,-1.46%,23.86M,3.08%,118.60M,-,0.74,83.00%,1.20%,-4.00%,880.70M,1.38,-0.15%,0.35%,2.02,8.16%,43.52,1.15,3.77%,0.29M,12.10%,-,-,-,11.39%,38.67 - 54.44,-2.67%,1.26 (2.53%),16.99,-0.51%,11.07%,-8.41%,0.29,1.20 (2.41%),-,1.64%,-,28.94%,0.91,"Mar 05, 2025",0.33,5.37%,16.67%,51.56,2.09% 1.85%,715,0.00,3.50%,13.47%,2.50,57.00,Yes / Yes,0.00,-35.70%,25.07%,0.29,49.64,-2.07%,5.98%,-4.03%,Feb 20 AMC,141.23K,49.86,0.23%,0.72%,3.96%,,"9,820",0.44%,EIG
-,2.25,3.15,0.01%,83.97M,3.87%,596.61M,10.64,33.31%,0.00%,83.96M,2.82%,518.28M,0.35,0.10,21.62%,0.44%,13.87%,4.21B,0.14,-14.09%,-,1.37,-4.19%,58.56,0.12,4.13%,0.37M,-9.40%,8.02,0.89,6.40%,9.47%,5.72 - 7.89,19.81%,0.38 (5.32%),0.97,-,8.02%,-9.95%,0.75,0.08 (1.09%),1.25,1.99%,21.36%,24.32%,0.18,"Dec 13, 2024",1.26,114.63%,17.31%,60.75,2.47% 2.27%,4396,0.68,-4.45%,12.31%,1.00,8.77,Yes / Yes,0.56,-,8.17%,0.31,6.95,12.91%,-89.47%,-8.22%,Feb 27 AMC,268.15K,7.11,2.68%,8.08%,4.93%,,"20,025",2.23%,ELP
RUT,12.80,1.01,7.95%,58.13M,0.90%,747.90M,4.26,7.39%,0.21%,53.51M,-22.59%,58.20M,1.37,0.53,90.02%,4.16%,-36.34%,1.11B,0.68,14.73%,0.93%,4.38,-17.37%,-13.23,-,4.92%,2.23M,-6.37%,3.73,3.45,9.34%,-,9.93 - 21.48,-37.70%,0.61 (4.70%),25.88,-,7.22%,-40.11%,1.15,0.60 (4.66%),1.67,0.32%,63.01%,29.62%,0.84,"Feb 28, 2025",2.24,4.59%,23.63%,35.12,7.88% 6.20%,2100,-,-1.31%,5.25%,2.75,22.00,Yes / Yes,-,-100.00%,44.70%,0.45,13.00,1.90%,31.77%,-5.55%,Feb 06 BMO,508.25K,12.86,-6.01%,-23.27%,-16.66%,,"55,120",-1.04%,EMBC
S&P 500,11.89,7.69,0.74%,115.12M,-7.49%,10.53B,9.66,11.51%,-17.90%,114.31M,-9.76%,905.00M,1.19,1.90,92.46%,2.53%,-7.98%,9.37B,1.12,7.50%,4.78%,2.66,-7.62%,50.20,1.82,6.06%,2.89M,-0.71%,7.27,12.57,9.95%,16.11%,86.70 - 114.50,0.08%,3.35 (3.67%),15.30,6.97%,8.67%,-20.18%,1.37,3.26 (3.57%),0.78,1.02%,24.86%,5.41%,2.82,"Mar 14, 2025",1.51,2.94%,14.34%,38.42,3.99% 2.79%,14000,0.89,1.91%,9.65%,2.05,114.11,Yes / Yes,0.81,8.09%,42.47%,0.53,90.54,-1.28%,18.80%,1.68%,Jan 30 AMC,1.09M,91.39,-5.88%,-4.24%,-8.36%,,"139,166",0.94%,EMN
RUT,11.70,8.08,1.87%,39.42M,-6.57%,3.73B,9.17,3.22%,-18.78%,38.69M,-5.77%,328.10M,1.36,2.78,95.31%,2.08%,0.57%,3.55B,1.05,19.64%,-0.04%,2.56,-1.95%,46.79,2.02,8.71%,0.81M,2.10%,11.75,8.05,8.62%,18.36%,88.50 - 112.53,2.33%,0.95 (1.00%),25.95,11.79%,10.52%,-15.95%,1.14,0.93 (0.98%),2.00,5.24%,29.44%,6.87%,2.46,"Mar 14, 2025",3.06,22.32%,12.46%,37.98,2.51% 2.51%,10797,0.71,-2.94%,9.23%,1.75,119.00,Yes / Yes,0.69,55.00%,13.07%,0.50,93.98,-2.81%,12.99%,5.18%,Feb 05 AMC,315.23K,94.58,-5.34%,-3.24%,-4.99%,,"38,127",0.64%,ENS
RUT,12.09,7.44,5.57%,25.81M,-1.68%,2.32B,6.61,18.47%,-9.44%,24.36M,-19.04%,209.45M,0.62,2.76,94.37%,6.68%,-11.93%,2.66B,0.87,25.48%,-2.37%,6.50,19.75%,46.38,1.94,4.25%,1.63M,43.79%,12.51,7.19,19.62%,17.19%,57.46 - 117.56,-6.16%,-,1.55,47.48%,4.37%,-23.47%,1.39,-,-,18.98%,-,56.58%,3.72,-,-,36.96%,22.00%,33.32,4.67% 3.65%,1787,3.03,25.51%,7.88%,1.57,129.57,Yes / Yes,3.00,104.54%,0.00%,1.26,87.19,-0.07%,15.21%,25.01%,Feb 04 AMC,250.40K,89.97,-8.61%,-13.40%,2.60%,,"76,645",3.19%,ENVA
-,12.43,2.69,33.23%,2.17B,-0.10%,72.39B,10.85,6.18%,0.00%,1.45B,1.50%,5.86B,2.00,0.71,25.12%,1.76%,3.84%,55.68B,1.30,7.87%,-0.62%,5.42,14.67%,13.27,2.52,7.91%,25.42M,17.40%,0.63,52.76,6.21%,20.78%,27.37 - 34.63,6.58%,2.19 (6.55%),19.84,5.15%,9.78%,-3.48%,0.77,2.10 (6.28%),0.74,15.05%,12.17%,22.12%,0.64,"Jan 31, 2025",1.00,6.74%,11.73%,52.76,2.32% 1.75%,7800,1.13,12.71%,10.52%,1.71,37.38,Yes / Yes,1.08,3.36%,78.06%,0.55,32.97,0.53%,5.62%,-3.21%,Feb 04 BMO,4.69M,33.42,0.29%,0.88%,9.31%,,"624,180",1.38%,EPD
-,13.30,3.82,0.53%,309.90M,0.98%,15.64B,6.08,15.89%,-15.06%,306.18M,-5.27%,1.23B,0.76,1.64,99.16%,1.50%,9.63%,14.41B,1.09,21.67%,0.59%,1.64,30.21%,0.25,201.92,0.47%,4.60M,46.67%,-,-,17.58%,61.74%,34.94 - 56.00,7.74%,1.02 (2.02%),10.53,-,20.07%,-9.25%,1.24,0.96 (1.89%),-,9.90%,-,45.44%,1.88,"Mar 05, 2025",5.53,14.00%,16.22%,45.92,4.02% 3.56%,8000,2.86,16.81%,8.52%,1.71,62.70,Yes / Yes,2.86,228.47%,24.88%,0.56,49.54,0.62%,-3.09%,101.27%,Feb 05 AMC,2.81M,50.82,-3.32%,-2.53%,11.99%,,"381,751",2.59%,EQH
-,7.71,3.11,0.01%,2.73B,3.60%,65.64B,7.15,0.72%,0.00%,2.73B,4.72%,8.81B,5.55,0.83,2.30%,0.65%,3.13%,102.50B,0.64,3.69%,-1.04%,4.28,0.97%,16.22,1.48,6.41%,17.85M,-1.40%,8.58,2.80,1.39%,19.39%,21.50 - 28.11,2.87%,1.54 (6.40%),8.27,41.31%,13.77%,-14.59%,0.61,1.37 (5.71%),1.20,21.09%,30.23%,11.63%,0.71,"Feb 14, 2025",1.31,-20.34%,29.01%,56.53,2.74% 2.74%,23449,0.71,-4.07%,8.59%,1.78,29.49,Yes / Yes,0.51,-17.11%,25.94%,0.56,23.78,4.79%,-14.59%,-8.00%,Feb 05 BMO,4.17M,24.00,3.44%,1.27%,-2.24%,,"561,480",0.95%,EQNR
-,2.00,16.15,59.35%,7.05M,-3.41%,227.70M,2.35,-6.77%,0.00%,2.86M,-7.58%,112.78M,-,4.47,7.74%,0.79%,-14.21%,212.90M,1.07,-9.09%,-3.46%,0.54,-24.81%,51.50,0.63,22.20%,0.02M,-13.08%,10.60,3.05,-6.76%,35.83%,30.21 - 50.92,-10.75%,2.40 (7.43%),-,-,21.22%,-36.55%,0.77,2.45 (7.58%),1.43,44.00%,59.81%,6.95%,1.38,"Mar 11, 2025",1.48,-1.63%,53.70%,43.71,4.68% 4.24%,429,0.57,12.43%,52.97%,1.00,56.00,No / Yes,0.46,-1.98%,14.81%,0.90,32.50,1.32%,5.44%,8.66%,Feb 27 BMO,42.21K,32.31,-3.38%,-3.40%,-16.75%,,"9,098",-0.58%,ESEA
-,14.51,1.29,9.42%,3.43B,6.87%,64.03B,11.61,6.82%,0.00%,3.11B,-5.04%,4.39B,1.39,0.39,31.25%,0.90%,-0.43%,82.67B,0.77,17.50%,1.37%,1.63,17.58%,9.11,2.05,4.01%,28.00M,24.32%,0.09,199.46,10.43%,13.40%,14.90 - 21.45,-4.75%,1.34 (7.16%),8.63,-0.73%,4.60%,-13.01%,1.29,1.29 (6.89%),0.87,14.17%,12.24%,25.23%,0.61,"Feb 07, 2025",1.12,18.35%,10.82%,47.43,3.50% 3.13%,16248,1.72,5.20%,5.32%,1.41,23.14,Yes / Yes,1.72,-20.03%,99.28%,0.77,18.17,-8.72%,-22.27%,-4.83%,Feb 11 AMC,17.18M,18.66,-0.80%,-4.95%,7.13%,,"3,220,311",2.70%,ET
RUT,11.07,2.39,9.40%,25.43M,-5.23%,671.95M,10.39,7.77%,-2.62%,23.04M,-8.54%,61.19M,-,0.46,86.77%,13.29%,-13.25%,626.65M,1.07,-5.22%,1.10%,12.24,-9.23%,18.83,1.40,8.41%,3.06M,-18.96%,5.47,4.83,-,12.86%,26.17 - 35.14,-6.00%,-,10.36,20.97%,10.63%,-24.80%,1.19,1.55 (5.88%),1.16,-1.41%,60.74%,0.96%,0.79,"Feb 11, 2025",2.11,-23.77%,11.37%,30.16,3.17% 2.70%,3404,0.26,-11.10%,9.76%,3.00,32.00,Yes / Yes,0.20,-13.81%,59.07%,0.53,26.34,-2.08%,-3.28%,-5.99%,Jan 29 AMC,250.21K,26.42,-6.03%,-7.79%,-9.74%,,"32,713",0.32%,ETD
-,11.96,1.12,10.01%,52.05M,0.07%,733.43M,9.38,8.38%,-0.80%,49.44M,-3.96%,85.64M,1.00,0.31,110.87%,18.66%,9.70%,1.18B,0.62,17.26%,3.18%,16.83,22.70%,14.97,0.89,5.75%,9.23M,25.23%,3.35,3.99,11.92%,10.71%,9.65 - 14.50,9.25%,-,8.37,89.24%,6.95%,-7.93%,0.86,-,2.13,7.27%,56.04%,38.27%,0.36,"Feb 04, 2000",2.91,71.41%,9.95%,51.65,2.79% 2.66%,8000,0.69,8.95%,7.25%,1.67,17.00,Yes / Yes,0.49,3.76%,0.00%,0.62,13.14,-0.81%,13.51%,6.73%,Feb 05 AMC,548.24K,13.35,-1.30%,3.51%,14.72%,,"83,311",1.60%,EZPW
S&P 500,6.65,1.46,2.10%,3.89B,-1.77%,38.54B,6.27,17.17%,0.00%,3.88B,7.06%,5.88B,-,-0.02,57.70%,3.73%,-6.43%,184.99B,0.21,-28.06%,4.31%,1.65,-5.44%,11.31,0.86,2.11%,144.77M,-18.40%,9.68,1.01,-3.86%,13.42%,8.96 - 14.62,-0.19%,0.64 (6.57%),5.72,162.64%,3.91%,-33.46%,1.43,0.59 (6.10%),1.02,4.24%,8.33%,8.59%,0.32,"Feb 18, 2025",1.16,35.92%,2.75%,53.69,4.17% 2.91%,171000,3.59,5.00%,3.18%,2.71,10.19,Yes / Yes,2.35,444.53%,53.35%,1.38,9.53,1.70%,14.71%,4.89%,Feb 05 AMC,87.53M,9.73,2.44%,1.18%,-8.91%,,"29,540,257",2.05%,F
RUT,9.04,5.22,10.02%,8.29M,-3.59%,391.82M,7.75,12.02%,-6.82%,7.47M,-12.74%,42.34M,-,1.27,63.09%,0.72%,-3.89%,262.38M,1.49,4.62%,3.97%,1.62,11.06%,38.17,1.24,1.17%,0.05M,36.38%,-,-,-,13.98%,32.56 - 56.46,1.97%,1.08 (2.29%),6.08,14.16%,7.86%,-16.40%,0.68,1.04 (2.20%),-,17.28%,-,44.96%,1.48,"Feb 14, 2025",0.06,19.35%,19.49%,35.77,3.50% 2.87%,349,1.00,15.98%,16.14%,1.20,61.40,Yes / Yes,0.64,45.02%,19.25%,0.42,46.68,4.70%,34.43%,10.12%,Jan 30 AMC,33.17K,47.20,-6.84%,-4.76%,5.84%,,"3,371",1.11%,FBIZ
-,12.40,1.81,7.29%,7.64M,-3.19%,171.69M,8.57,18.65%,0.00%,7.08M,-18.32%,13.96M,-,0.46,56.99%,1.95%,-12.50%,103.55M,1.66,22.06%,3.56%,2.50,5.20%,-3.33,-,0.74%,0.14M,30.64%,-,-,-,26.43%,15.40 - 27.96,-6.38%,0.62 (2.78%),8.09,4.60%,-,-19.64%,0.34,0.59 (2.63%),-,14.28%,-,45.91%,0.93,"Feb 04, 2025",1.20,17.04%,17.38%,34.58,3.35% 3.89%,287,-,24.43%,13.48%,1.00,28.00,No / Yes,-,27.76%,32.04%,1.24,21.71,1.58%,12.57%,14.67%,Jan 22 BMO,55.16K,22.47,-7.51%,-9.27%,0.89%,,"16,557",3.50%,FCCO
-,9.30,189.39,30.61%,12.71M,-5.77%,23.73B,9.11,14.00%,0.01%,9.42M,-17.11%,2.72B,2.82,38.40,62.50%,3.43%,-16.94%,14.93B,1.59,-12.91%,-,4.36,-3.18%,1556.17,1.13,1.26%,0.32M,13.74%,-,-,3.30%,12.77%,1515.02 - 2412.93,-16.63%,7.88 (0.45%),16.33,35.77%,4.58%,-26.99%,0.70,7.18 (0.41%),-,67.53%,-,16.28%,63.95,"Feb 28, 2025",0.24,-75.88%,25.27%,28.12,4.72% 3.05%,17475,1.68,18.05%,18.19%,1.86,2470.58,Yes / Yes,1.66,43.31%,3.63%,0.88,1738.71,-0.72%,15.75%,-1.39%,Jan 24 BMO,74.10K,1761.68,-9.60%,-15.14%,-11.12%,,"15,926",1.32%,FCNCA
RUT,10.14,2.96,18.12%,47.94M,-3.98%,1.44B,10.08,10.37%,-0.22%,39.26M,-1.91%,142.20M,-,0.61,67.18%,3.00%,-10.83%,4.28B,0.34,11.57%,1.25%,3.17,6.96%,41.52,0.72,4.53%,1.18M,21.26%,0.68,44.15,-,7.32%,21.23 - 35.27,-9.59%,-,11.19,16.59%,6.02%,-14.87%,0.36,1.05 (3.50%),1.01,-0.88%,8.21%,41.43%,0.82,"Mar 10, 2025",2.13,1333.14%,3.61%,44.03,2.96% 3.04%,39886,0.21,-0.95%,3.33%,1.00,38.00,Yes / Yes,0.19,119.02%,33.78%,0.28,30.11,-2.01%,-29.73%,0.26%,Feb 24 BMO,371.71K,30.02,-0.90%,-2.83%,3.91%,,"25,884",-0.28%,FDP
RUT,10.25,2.40,2.09%,95.49M,-3.38%,2.35B,8.97,4.98%,-2.86%,93.43M,-11.55%,228.83M,-,0.63,81.23%,1.48%,-15.03%,1.23B,1.91,8.83%,1.88%,3.26,0.00%,25.53,0.96,1.27%,1.38M,13.79%,-,-,-,9.73%,20.59 - 31.18,-8.52%,0.97 (3.94%),9.73,3.66%,8.43%,-21.14%,0.86,0.95 (3.86%),-,12.09%,-,19.43%,0.70,"Mar 03, 2025",0.10,-11.02%,21.89%,31.20,3.42% 2.45%,2090,0.48,9.95%,18.67%,2.60,31.50,Yes / Yes,0.11,13.93%,39.19%,0.40,24.25,3.66%,4.62%,12.69%,Jan 23 AMC,422.50K,24.59,-6.50%,-9.18%,-4.94%,,"41,621",1.40%,FFBC
RUT,8.71,4.75,2.13%,126.79M,1.32%,5.25B,6.63,18.69%,-0.05%,124.07M,-9.75%,622.00M,0.39,1.25,95.37%,0.24%,-6.91%,5.78B,0.91,22.27%,2.00%,4.09,4.59%,31.16,1.33,0.94%,0.30M,13.02%,-,-,22.37%,18.12%,34.90 - 50.75,-0.10%,-,0.81,-,10.67%,-18.43%,1.64,0.85 (2.05%),-,25.98%,-,18.62%,1.56,"Mar 17, 2025",0.12,1177.50%,16.34%,46.67,3.41% 3.77%,1338,0.55,27.35%,10.76%,3.00,45.50,Yes / Yes,0.48,202.25%,17.90%,0.64,40.27,82.28%,-4.05%,-3.47%,Feb 20 AMC,73.33K,41.40,-1.42%,-3.64%,-2.20%,,"11,531",2.80%,FG
-,8.12,0.84,54.84%,12.50M,-8.36%,85.03M,7.64,9000.00%,0.00%,5.65M,-32.74%,10.12M,0.32,0.03,7.88%,0.32%,-49.22%,232.67M,0.37,-101.61%,18.26%,1.53,-34.30%,17.75,0.38,0.33%,0.02M,-38.18%,-,-,25.31%,4.93%,6.55 - 15.25,-40.14%,0.41 (6.03%),4.65,-9.53%,2.25%,-55.41%,0.45,0.41 (6.03%),-,20.38%,-,3.74%,0.46,"Dec 27, 2024",0.32,29.00%,6.98%,17.16,8.90% 6.19%,399,0.79,20.29%,4.35%,3.00,11.50,No / Yes,0.76,-,50.65%,1.32,6.70,-,1000.00%,13.68%,Nov 01 BMO,11.73K,6.80,-16.81%,-28.90%,-34.98%,,"3,677",1.49%,FGBI
-,11.92,3.19,4.72%,81.76M,-2.05%,3.09B,8.52,9.03%,-1.99%,77.47M,0.14%,252.78M,0.83,0.93,80.85%,3.46%,-10.12%,1.64B,1.89,26.79%,2.09%,3.55,11.63%,13.39,2.84,11.71%,2.68M,10.79%,7.92,4.81,14.40%,22.74%,31.23 - 43.92,-7.46%,1.28 (3.36%),9.03,3.77%,16.41%,-13.38%,0.86,1.24 (3.26%),-,4.61%,75.25%,21.81%,0.94,"Feb 07, 2025",-,-6.23%,26.56%,44.95,3.16% 2.23%,2072,0.42,1.64%,15.45%,2.56,41.38,Yes / Yes,0.41,8.00%,37.44%,0.32,37.58,1.17%,7.01%,8.93%,Jan 30 AMC,753.48K,38.04,-0.80%,-1.85%,2.54%,,"58,914",1.24%,FHI
-,13.84,1.36,1.33%,524.28M,-0.56%,9.80B,9.85,12.17%,-3.19%,514.84M,-15.24%,738.00M,1.36,0.40,85.28%,2.13%,-6.92%,5.00B,1.96,9.64%,4.80%,1.73,23.11%,16.00,1.17,0.95%,10.99M,27.29%,-,-,10.16%,8.70%,13.72 - 22.44,-6.78%,0.62 (3.29%),8.31,-0.31%,7.13%,-16.33%,0.65,0.60 (3.20%),-,18.59%,-,36.89%,0.68,"Mar 14, 2025",0.24,-13.90%,19.66%,37.15,4.01% 3.25%,7155,0.56,4.56%,14.76%,2.00,23.64,Yes / Yes,0.17,-6.28%,44.25%,0.62,18.46,-6.80%,10.03%,-8.23%,Jan 16 BMO,6.35M,18.77,-7.13%,-9.96%,4.62%,,"966,166",1.71%,FHN
-,7.51,1.16,0.04%,146.01M,4.50%,1.27B,5.97,13.37%,0.00%,145.95M,8.00%,309.08M,0.63,-,50.56%,1.85%,25.25%,1.78B,0.71,11.68%,13.61%,3.45,65.49%,14.18,0.61,9.83%,2.69M,66.44%,10.54,0.83,11.95%,15.82%,4.45 - 8.78,28.20%,0.24 (2.81%),-,-1.11%,14.90%,-0.85%,0.40,0.24 (2.72%),-,19.21%,82.22%,95.62%,0.29,"Apr 15, 2024",-,-1.77%,17.61%,62.35,2.74% 3.42%,3648,0.00,1.54%,17.36%,1.22,7.81,Yes / Yes,0.00,18.37%,20.13%,1.61,8.30,-,-,3.59%,Mar 17 AMC,780.40K,8.70,4.07%,11.88%,40.05%,,"307,370",4.88%,FINV
S&P 500,12.16,3.14,0.56%,669.85M,-4.78%,25.48B,9.28,12.52%,-2.30%,664.35M,-12.17%,2.15B,0.88,0.73,86.15%,3.92%,-17.77%,13.89B,1.83,16.30%,-0.12%,5.46,-7.23%,26.17,1.46,1.08%,26.03M,3.97%,-,-,13.75%,11.92%,33.82 - 49.07,-9.78%,1.51 (3.96%),10.51,-1.20%,6.54%,-22.26%,1.03,1.44 (3.78%),-,8.72%,-,12.79%,1.10,"Dec 31, 2024",0.26,-2.26%,24.96%,28.64,3.27% 2.55%,18616,1.00,11.21%,15.51%,2.04,50.71,Yes / Yes,0.68,19.37%,45.93%,0.63,37.48,-1.52%,-2.89%,9.89%,Jan 21 BMO,4.77M,38.15,-8.23%,-10.77%,-9.20%,,"734,344",1.77%,FITB
-,13.93,2.47,0.79%,384.33M,-0.84%,13.18B,11.96,10.12%,-4.73%,380.08M,-20.00%,1.01B,0.91,0.69,103.83%,2.55%,-9.28%,25.58B,0.52,21.55%,0.96%,2.64,14.59%,12.99,2.65,5.23%,9.69M,18.94%,6.04,5.70,15.26%,18.45%,25.27 - 45.10,-10.37%,-,9.77,67.12%,11.74%,-23.70%,0.98,-,0.83,0.50%,8.34%,36.17%,1.65,-,1.41,47.70%,4.70%,37.02,4.65% 4.24%,148115,0.83,-12.94%,3.95%,1.67,50.00,Yes / Yes,0.73,47.74%,0.00%,0.71,33.61,5.64%,21.68%,-7.70%,Jan 29 BMO,3.67M,34.41,-7.98%,-13.99%,-2.12%,,"637,694",2.38%,FLEX
RUT,2.99,12.21,1.58%,169.23M,0.94%,6.16B,12.37,16.81%,-3.23%,166.13M,-21.31%,2.15B,0.22,0.49,94.70%,4.47%,-33.90%,16.32B,0.38,8.86%,1.11%,2.43,-17.89%,23.34,1.56,26.62%,7.42M,-3.31%,17.53,2.08,13.31%,72.85%,34.01 - 60.10,-26.03%,0.16 (0.45%),9.27,-,42.45%,-39.30%,1.66,-,1.69,-0.63%,3.51%,7.26%,1.80,"Feb 28, 2020",1.69,2094.12%,2.27%,38.33,4.09% 4.71%,26866,0.28,5.43%,13.15%,1.64,52.33,Yes / Yes,0.28,8280.22%,0.00%,0.60,34.94,-3.62%,-38.10%,11.52%,Feb 18 BMO,3.05M,36.48,-2.30%,-18.12%,-23.85%,,"445,108",4.41%,FLR
RUT,10.90,3.58,34.53%,5.27M,-4.73%,205.77M,9.67,14.45%,-0.28%,3.45M,-25.32%,19.92M,-,0.88,49.47%,2.22%,-34.55%,430.53M,0.48,67.30%,7.71%,2.65,-1.98%,30.72,1.27,7.32%,0.08M,14.18%,2.24,17.45,-,13.04%,28.81 - 65.87,-28.14%,-,9.91,-,9.07%,-40.72%,0.24,0.64 (1.64%),1.14,0.81%,21.38%,35.57%,2.21,"Mar 26, 2025",2.93,27.88%,5.34%,32.09,4.01% 4.39%,1500,0.41,7.75%,4.63%,1.00,61.00,No / Yes,0.36,183.02%,31.45%,0.20,38.98,3.70%,28.38%,8.37%,Feb 03 AMC,28.93K,39.05,-11.48%,-20.02%,-14.31%,,"1,412",0.18%,FLXS
RUT,12.74,1.87,8.19%,13.70M,-2.61%,327.03M,11.66,10.68%,-0.06%,12.58M,-8.40%,25.51M,-,0.42,27.44%,0.75%,-27.49%,178.38M,1.83,-2.63%,3.49%,4.83,-9.65%,24.47,0.98,0.77%,0.09M,20.25%,-,-,-,7.83%,18.99 - 34.15,-18.95%,0.90 (3.77%),10.19,2.74%,4.10%,-30.10%,0.76,0.88 (3.70%),-,17.95%,-,25.70%,0.83,"Dec 27, 2024",0.10,12.44%,18.76%,37.84,3.30% 3.09%,473,0.94,15.00%,14.30%,3.00,28.75,Yes / Yes,0.85,47.11%,46.56%,0.25,23.46,2.84%,26.42%,8.77%,Feb 12 AMC,19.40K,23.87,-3.85%,-8.68%,-10.61%,,"1,207",1.75%,FMAO
RUT,10.72,3.30,15.20%,23.90M,-3.26%,847.53M,9.31,5.18%,0.01%,20.34M,-7.66%,78.90M,-,0.94,44.66%,0.50%,-14.66%,453.25M,1.87,9.39%,2.91%,1.72,-7.80%,35.42,1.00,1.04%,0.10M,15.15%,-,-,-,9.62%,28.86 - 43.86,-4.02%,0.97 (2.75%),-,2.85%,7.08%,-19.42%,0.84,0.95 (2.69%),-,17.68%,-,22.45%,1.09,"Feb 13, 2025",0.03,3.88%,23.03%,33.79,2.97% 2.82%,1198,0.68,17.70%,17.41%,2.00,44.71,Yes / Yes,0.32,6.13%,28.47%,0.22,34.98,3.10%,-3.11%,4.57%,Jan 23 BMO,58.93K,35.34,-4.78%,-5.04%,-5.80%,,"3,170",1.03%,FMBH
RUT,10.68,1.22,4.37%,37.59M,-5.22%,491.62M,8.41,6.88%,-0.72%,35.97M,-7.83%,45.95M,-,0.34,40.35%,0.61%,-17.28%,269.51M,1.82,19.13%,4.07%,2.54,-12.28%,10.80,1.21,0.90%,0.22M,-0.27%,-,-,-,11.34%,11.55 - 16.32,-8.09%,0.68 (5.20%),8.99,-0.92%,9.18%,-19.91%,0.79,0.68 (5.20%),-,16.40%,-,13.16%,0.34,"Mar 14, 2025",0.02,-7.98%,20.60%,32.70,2.82% 2.32%,682,0.99,5.55%,17.05%,2.67,16.00,Yes / Yes,0.23,-1.49%,55.51%,0.19,13.10,-0.45%,10.69%,3.31%,Jan 29 BMO,86.28K,13.07,-6.49%,-5.34%,-7.75%,,"4,006",-0.23%,FMNB
-,10.53,1.27,1.39%,359.62M,-3.13%,4.79B,7.90,19.68%,-2.67%,354.73M,-12.94%,458.86M,-,0.30,80.99%,2.76%,-17.57%,2.58B,1.86,1.35%,1.60%,3.76,-3.34%,17.52,0.76,0.98%,9.79M,-1.26%,-,-,-,7.53%,12.49 - 17.70,-9.88%,0.50 (3.73%),8.45,1.72%,5.71%,-24.75%,0.90,0.48 (3.60%),-,12.31%,-,6.65%,0.39,"Mar 03, 2025",0.07,-3.89%,22.33%,31.43,3.04% 2.62%,4104,0.72,15.34%,17.77%,1.38,18.50,Yes / Yes,0.28,125.47%,37.92%,0.51,13.11,-8.54%,16.03%,11.07%,Jan 22 BMO,2.60M,13.32,-6.68%,-10.63%,-9.06%,,"322,063",1.60%,FNB
-,13.70,4.66,5.55%,275.00M,1.30%,17.54B,9.16,17.14%,-0.04%,259.73M,12.17%,1.27B,0.73,1.10,81.15%,1.06%,5.95%,13.71B,1.28,28.29%,1.80%,2.46,9.27%,28.20,2.26,1.61%,2.75M,25.70%,-,-,18.66%,17.32%,46.85 - 65.65,13.59%,1.92 (3.01%),2.41,3.94%,10.56%,-2.86%,1.11,1.94 (3.04%),-,12.88%,-,36.12%,1.46,"Mar 17, 2025",-,144.11%,14.46%,63.15,2.77% 2.29%,23533,0.61,16.32%,9.26%,2.00,70.80,Yes / Yes,0.55,747.45%,41.70%,0.54,63.21,8.77%,10.19%,5.35%,Feb 20 AMC,1.11M,63.77,3.64%,8.11%,11.13%,,"148,638",0.89%,FNF
RUT,5.95,3.57,62.55%,50.67M,-4.34%,1.08B,5.25,13.26%,0.01%,18.98M,-6.85%,181.80M,1.08,0.79,35.83%,2.99%,-24.79%,1.45B,0.74,-10.68%,-0.80%,2.80,-29.95%,31.84,0.67,6.62%,0.57M,-42.20%,2.60,8.16,5.53%,12.04%,20.70 - 40.92,-18.03%,-,-,38.51%,7.48%,-48.08%,1.51,-,-,34.81%,23.89%,2.64%,0.67,-,-,-2.38%,38.09%,36.94,2.89% 2.96%,393,0.51,-4.72%,12.50%,1.50,33.25,Yes / Yes,0.51,-57.33%,0.00%,0.18,21.07,-23.84%,-54.19%,-18.14%,Jan 21 BMO,202.81K,21.25,-4.74%,-10.11%,-26.82%,,"9,129",0.84%,FOR
S&P 500,10.24,4.67,70.96%,235.58M,-7.22%,22.58B,12.02,-8.69%,-0.39%,131.65M,-6.95%,2.19B,0.93,0.90,28.37%,2.46%,8.98%,15.18B,1.49,27.18%,-3.79%,2.82,31.42%,25.30,1.89,9.53%,3.24M,78.44%,7.04,6.80,11.04%,20.09%,26.56 - 55.00,4.67%,0.54 (1.13%),12.28,4.01%,11.53%,-12.95%,0.64,0.54 (1.13%),2.14,4.33%,34.05%,80.25%,1.27,"Mar 05, 2025",2.50,177.70%,20.37%,35.57,2.96% 2.54%,10200,0.71,4.29%,14.39%,2.52,56.97,Yes / Yes,0.65,257.10%,16.63%,0.58,47.12,4.27%,38.65%,19.93%,Feb 04 BMO,1.15M,47.88,-7.67%,-3.23%,17.36%,,"163,524",1.60%,FOX
S&P 500,11.10,4.67,52.41%,218.78M,-6.84%,22.58B,12.97,-8.36%,-0.57%,215.80M,-5.19%,2.19B,1.01,0.89,53.49%,7.86%,11.84%,15.18B,1.49,27.17%,-4.07%,4.32,31.62%,25.30,2.05,9.53%,16.97M,76.04%,7.63,6.80,11.01%,20.09%,29.14 - 58.74,6.75%,0.54 (1.04%),12.28,4.01%,11.53%,-11.71%,0.57,0.54 (1.04%),2.14,4.33%,34.05%,77.97%,1.37,"Mar 05, 2025",2.50,177.70%,20.37%,38.68,2.97% 2.52%,10200,0.71,4.29%,14.39%,2.46,57.26,Yes / Yes,0.65,257.10%,16.63%,0.51,51.04,4.81%,41.09%,19.93%,Feb 04 BMO,3.93M,51.86,-6.74%,-1.31%,18.83%,,"493,400",1.61%,FOXA
RUT,8.79,1.67,14.05%,25.10M,-2.14%,368.21M,8.25,8.11%,-,21.60M,-3.62%,42.24M,-,0.39,41.94%,0.22%,-1.61%,228.42M,1.61,-1.60%,-0.33%,0.88,-0.07%,16.30,0.90,1.14%,0.05M,11.92%,-,-,-,10.83%,11.20 - 15.87,4.12%,0.26 (1.77%),4.86,19.22%,6.16%,-7.69%,0.76,0.24 (1.64%),-,22.37%,-,30.80%,0.38,"Feb 07, 2025",0.25,69.42%,23.69%,44.72,2.36% 2.93%,318,0.68,31.85%,18.49%,1.00,17.67,Yes / Yes,0.68,22.75%,14.37%,0.03,14.54,2.16%,5.64%,17.43%,Jan 23 AMC,54.71K,14.65,-1.91%,-0.00%,2.30%,,367,0.76%,FRBA
-,6.88,2.23,35.70%,222.62M,-7.63%,3.41B,4.92,33.74%,0.00%,143.15M,-13.47%,495.58M,0.36,0.25,24.00%,6.23%,3.27%,2.05B,1.66,4.33%,-11.09%,2.66,-31.29%,10.51,1.46,8.19%,8.92M,-32.47%,1.88,8.17,19.06%,21.46%,13.17 - 29.39,7.93%,2.30 (15.03%),-,22.56%,8.81%,-47.89%,0.20,1.95 (12.73%),1.43,24.97%,34.42%,16.29%,0.73,"Mar 14, 2025",1.39,-24.50%,32.66%,41.57,3.61% 3.96%,88,1.60,13.77%,24.17%,1.00,24.64,Yes / Yes,1.40,-43.61%,87.44%,1.29,15.63,56.40%,21.90%,2.56%,Feb 28 BMO,3.35M,15.31,-5.50%,-7.92%,-25.85%,,"1,055,118",-2.02%,FRO
RUT,8.17,4.40,15.71%,7.73M,-5.45%,280.72M,7.84,10.10%,0.00%,6.59M,-7.31%,34.59M,-,0.93,64.21%,0.63%,-21.51%,206.83M,1.36,-4.59%,1.02%,2.88,-14.48%,38.26,0.94,1.15%,0.04M,11.00%,-,-,-,12.35%,30.64 - 49.15,-12.54%,1.12 (3.12%),13.46,11.74%,5.25%,-26.94%,0.79,1.08 (3.01%),-,13.44%,-,17.20%,1.11,"Feb 06, 2025",0.05,-2.90%,20.10%,34.17,3.59% 2.49%,562,1.23,9.75%,16.72%,2.33,46.50,No / Yes,1.23,-25.43%,24.31%,0.71,36.23,-1.67%,-11.82%,3.97%,Jan 21 AMC,14.47K,35.91,-5.51%,-9.01%,-12.64%,,"2,530",-0.88%,FSBW
-,8.93,2.74,25.58%,6.91M,-0.71%,169.31M,8.20,3.82%,0.00%,5.15M,-0.59%,18.90M,-,0.59,28.82%,0.33%,-15.39%,140.32M,1.21,45.29%,13.02%,1.56,4.55%,25.48,0.96,0.80%,0.02M,46.05%,-,-,-,11.10%,14.55 - 30.94,-7.81%,0.61 (2.51%),1.76,-2.70%,3.64%,-20.85%,0.47,0.60 (2.45%),-,18.15%,-,68.28%,0.87,"Mar 14, 2025",0.09,203.53%,23.22%,45.60,2.80% 3.60%,274,1.95,8.20%,13.47%,1.67,28.33,No / Yes,1.95,564.09%,29.76%,0.20,25.09,11.74%,28.99%,16.85%,Jan 29 BMO,10.70K,24.49,-1.59%,-2.06%,3.47%,,514,-2.41%,FSFG
-,13.58,0.40,1.20%,306.93M,11.71%,1.68B,8.44,-10.63%,0.00%,302.87M,2.33%,128.73M,1.24,0.18,59.25%,5.12%,10.36%,1.06B,1.58,59.22%,-1.08%,1.15,26.09%,4.57,1.20,6.22%,15.51M,61.80%,0.75,7.27,10.93%,9.74%,3.23 - 6.36,27.86%,-,10.60,22.93%,8.16%,-13.76%,1.25,-,1.37,37.67%,31.76%,69.81%,0.28,-,1.90,362.20%,24.91%,65.46,6.74% 6.42%,5185,0.14,26.21%,12.10%,2.60,5.71,Yes / Yes,0.12,109.96%,0.00%,0.92,5.42,0.16%,-81.47%,14.35%,Mar 05 AMC,13.54M,5.49,16.13%,16.16%,14.01%,,"3,037,766",1.20%,FSM
RUT,5.18,3.90,7.98%,10.57M,-2.51%,217.53M,8.65,36.84%,0.00%,9.89M,-27.75%,42.95M,-,0.12,74.59%,1.17%,-29.32%,530.76M,0.41,-56.04%,-2.24%,3.01,6.31%,16.86,1.20,13.28%,0.12M,-9.32%,0.23,88.79,-,26.81%,14.23 - 30.77,-24.80%,-,16.94,-1.01%,17.91%,-34.25%,1.00,-,1.03,-2.46%,21.39%,42.16%,1.12,"Sep 07, 2016",1.83,2863.06%,3.22%,28.10,5.11% 5.00%,1057,0.37,-2.39%,8.09%,1.00,30.75,Yes / Yes,0.34,42.86%,0.00%,0.11,19.90,-3.78%,-107.02%,-4.96%,Mar 04 BMO,38.39K,20.23,-16.62%,-22.68%,-13.53%,,989,1.66%,FSTR
-,14.24,2.69,61.20%,27.71M,-1.98%,1.07B,10.17,6.69%,0.00%,10.77M,-12.73%,75.63M,-,0.80,22.98%,1.82%,-10.55%,557.75M,1.91,12.99%,14.03%,3.56,-10.15%,37.58,1.02,0.94%,0.20M,10.43%,-,-,-,7.88%,33.31 - 45.32,-4.18%,-,-,21.16%,6.67%,-15.33%,0.28,-,-,20.04%,-,15.20%,1.57,-,0.17,-33.68%,19.42%,39.38,3.73% 4.44%,1142,0.24,13.26%,13.56%,1.33,48.00,No / Yes,0.09,-38.70%,0.00%,0.19,38.29,0.02%,4.24%,8.67%,Jan 27 AMC,54.88K,38.37,-3.68%,-4.61%,-2.18%,,"2,507",0.22%,FSUN
RUT,12.51,3.02,0.45%,75.31M,-4.02%,2.83B,11.14,11.12%,-8.63%,74.41M,-34.45%,235.00M,2.41,0.38,103.55%,2.95%,-35.65%,1.84B,1.54,-8.71%,-2.28%,2.88,-20.73%,3.17,11.93,14.71%,2.20M,19.56%,5.83,6.49,5.20%,125.33%,29.41 - 63.49,-30.76%,-,12.25,10.83%,16.45%,-40.38%,1.21,-,1.32,6.21%,51.57%,28.73%,2.16,-,1.32,43.98%,19.27%,22.05,4.89% 5.04%,2120,5.11,3.48%,12.76%,2.29,55.25,Yes / Yes,4.98,17.04%,0.00%,0.64,37.20,4.33%,141.07%,4.37%,Feb 27 BMO,763.60K,37.85,-20.43%,-29.70%,-21.90%,,"119,924",1.76%,FTDR
-,14.12,1.92,1.77%,423.10M,1.50%,11.38B,10.83,20.56%,-7.01%,413.14M,-11.80%,842.90M,0.90,0.35,97.99%,1.95%,-10.16%,9.08B,1.25,13.89%,0.59%,1.94,14.08%,7.31,3.70,8.63%,8.07M,21.28%,2.77,9.77,15.63%,27.06%,22.99 - 33.45,-6.46%,0.23 (0.85%),16.71,-,19.09%,-19.07%,1.21,0.20 (0.74%),0.88,-3.29%,18.82%,17.77%,1.04,"Mar 18, 2025",1.12,1403.29%,10.66%,42.30,4.21% 3.79%,25304,0.58,16.23%,9.28%,1.62,35.73,Yes / Yes,0.43,336.58%,10.45%,0.55,26.50,2.98%,52.16%,14.75%,Feb 27 BMO,4.16M,27.07,-3.37%,-9.69%,-2.70%,,"559,877",2.15%,FTI
RUT,11.30,1.57,1.07%,182.09M,-3.37%,3.24B,8.58,13.71%,-1.89%,180.25M,-12.80%,278.50M,-,0.41,77.44%,2.51%,-14.93%,1.82B,1.78,16.11%,3.44%,3.43,2.66%,16.50,1.08,0.96%,4.52M,16.51%,-,-,-,9.69%,13.87 - 22.49,-7.78%,0.73 (4.11%),8.66,3.10%,6.13%,-20.94%,0.72,0.69 (3.88%),-,12.82%,-,28.19%,0.59,"Dec 31, 2024",0.07,-4.20%,18.97%,34.13,3.38% 2.86%,3400,0.61,21.10%,15.30%,2.43,23.25,Yes / Yes,0.42,-3.54%,43.91%,0.34,17.50,3.36%,-5.98%,21.33%,Jan 21 AMC,1.32M,17.78,-6.83%,-10.02%,-5.51%,,"110,257",1.60%,FULT
-,9.62,3.15,8.14%,6.47M,-4.99%,195.87M,7.21,12.07%,0.12%,5.94M,-25.98%,20.57M,-,0.86,44.34%,0.13%,-15.42%,111.55M,1.76,16.82%,3.68%,0.25,5.25%,27.71,1.09,1.06%,0.01M,36.64%,-,-,-,12.06%,19.17 - 42.50,-10.18%,0.92 (3.04%),11.62,11.24%,6.82%,-28.75%,0.60,0.84 (2.77%),-,8.57%,-,57.96%,1.33,"Apr 17, 2025",0.16,40.31%,23.05%,31.97,4.53% 4.28%,338,1.05,16.51%,18.44%,2.00,42.00,No / Yes,0.68,259.58%,26.67%,0.27,29.40,0.65%,10.47%,23.86%,Feb 05 AMC,29.92K,30.28,-12.98%,-12.02%,1.05%,,"1,955",3.01%,FUNC
RUT,12.89,0.81,17.72%,18.20M,-3.14%,190.79M,9.03,10.48%,-0.43%,14.98M,-14.31%,15.06M,-,0.24,47.47%,0.50%,-25.09%,116.10M,1.64,10.53%,5.95%,3.85,-8.07%,12.93,0.81,0.69%,0.07M,-13.82%,-,-,-,6.66%,9.78 - 14.50,-16.63%,-,10.77,-0.81%,4.83%,-27.72%,0.25,-,-,11.10%,-,7.16%,0.48,-,0.25,284.38%,19.21%,41.57,3.97% 4.14%,120,0.33,22.60%,12.98%,3.00,12.50,Yes / Yes,0.33,191.29%,0.00%,0.18,10.01,-,-,77.36%,Jan 23 AMC,19.31K,10.48,-4.84%,-10.44%,-13.30%,,840,4.70%,FVCB
-,9.16,2.21,34.96%,377.12M,-12.69%,7.62B,7.84,8.74%,-1.04%,245.28M,-10.12%,844.00M,1.17,0.44,63.38%,10.41%,-20.23%,15.09B,0.51,7.84%,-0.16%,4.16,1.68%,8.32,2.43,7.36%,25.55M,-10.99%,6.86,2.95,7.82%,28.81%,18.54 - 30.75,-14.46%,0.64 (3.15%),7.34,18.83%,10.41%,-34.27%,2.11,0.60 (2.97%),0.96,-0.92%,43.67%,9.03%,1.28,"Apr 09, 2025",1.60,65.83%,7.19%,40.01,7.10% 5.22%,85000,1.68,1.32%,5.59%,2.00,28.40,Yes / Yes,1.48,11.20%,27.27%,1.61,20.76,1.94%,43.85%,-3.47%,Mar 06 AMC,6.14M,20.21,-7.62%,-11.79%,-11.80%,,"2,412,817",-2.63%,GAP
-,2.85,1.96,31.09%,36.74M,0.00%,204.65M,3.55,3.97%,0.00%,25.32M,-2.28%,69.86M,-,0.33,41.90%,0.21%,5.49%,167.26M,1.22,-28.44%,1.23%,0.38,-15.73%,16.61,0.34,9.77%,0.05M,-9.14%,2.20,2.54,-,11.88%,4.82 - 8.84,-1.42%,-,-,104.91%,10.15%,-36.99%,0.57,-,2.01,3.26%,44.47%,15.56%,0.20,"Feb 26, 2009",2.10,42.56%,35.76%,48.45,2.95% 3.70%,463,0.14,16.54%,41.77%,1.00,10.00,Yes / Yes,0.10,51.45%,0.00%,0.48,5.57,9.77%,51.72%,27.32%,Feb 21 BMO,135.60K,5.57,-0.62%,-2.38%,-11.04%,,"15,377",0.00%,GASS
-,11.44,3.12,49.60%,9.91M,1.70%,508.24M,8.39,31.13%,0.00%,7.19M,-0.93%,42.80M,-,0.10,36.95%,0.07%,-2.05%,441.19M,1.15,4.50%,1.76%,1.13,12.27%,49.98,0.71,2.48%,0.00M,21.28%,-,-,-,6.46%,28.37 - 37.00,-0.99%,1.40 (3.93%),13.27,-8.56%,6.14%,-3.66%,0.26,1.40 (3.93%),-,-2.63%,-,25.64%,0.88,"Mar 21, 2025",1.38,85.31%,12.46%,52.15,2.87% 1.50%,266,0.02,-16.46%,9.70%,3.00,55.00,No / Yes,0.01,51.46%,44.83%,2.01,36.55,-15.98%,112.60%,-0.74%,Mar 11 BMO,4.24K,35.65,1.53%,0.61%,6.84%,,"2,024",-2.48%,GBLI
RUT,9.44,5.78,4.09%,31.36M,-1.93%,1.71B,8.90,2.94%,-6.01%,30.08M,-11.86%,184.20M,-,1.78,103.03%,6.86%,-19.51%,3.61B,0.47,19.96%,0.12%,5.05,19.71%,45.05,1.21,4.44%,2.06M,9.49%,9.98,5.46,-,13.71%,41.40 - 71.06,-10.60%,1.23 (2.26%),-,18.21%,5.58%,-23.27%,1.48,1.20 (2.20%),1.53,9.43%,16.79%,31.71%,1.76,"Jan 29, 2025",2.79,69.11%,9.78%,37.24,2.84% 3.34%,14200,1.35,-9.47%,5.11%,2.50,68.50,Yes / Yes,1.34,80.33%,24.26%,0.20,54.34,3.11%,48.92%,8.24%,Jan 08 AMC,408.58K,54.53,-1.65%,-10.76%,-2.00%,,"20,096",0.34%,GBX
RUT,4.90,3.05,33.28%,32.27M,-4.68%,599.39M,4.53,18.85%,-17.40%,26.33M,-25.46%,125.81M,-,0.52,31.35%,21.25%,-31.97%,1.16B,0.52,-8.96%,-13.62%,5.07,-19.09%,10.04,1.49,13.12%,5.60M,-59.39%,7.57,1.98,-,36.17%,13.60 - 45.18,-19.22%,-,4.20,160.76%,15.71%,-66.89%,2.07,-,1.41,60.50%,24.57%,10.00%,1.13,"Jun 11, 2008",2.07,32.66%,11.27%,34.34,6.59% 6.65%,1561,1.20,64.96%,10.84%,1.67,28.33,Yes / Yes,0.98,-13.07%,0.00%,1.00,14.35,2.58%,-5.79%,20.86%,Mar 03 AMC,1.10M,14.96,-12.26%,-20.96%,-35.70%,,"271,771",4.25%,GCT
-,6.99,2.14,86.61%,18.11M,1.72%,271.47M,9.55,41.02%,0.00%,2.42M,20.45%,39.80M,-,0.08,0.00%,1.29%,-21.24%,432.94M,0.63,-44.33%,123.36%,1.63,-17.73%,-6.56,-,16.58%,0.03M,-21.06%,5.82,2.58,-9.96%,-,11.80 - 35.39,-6.33%,-,15.79,-,-,-57.63%,-,-,0.58,24.58%,65.79%,27.04%,1.35,"Mar 12, 2025",0.58,164.81%,8.77%,49.95,6.66% 10.78%,726,-,-5.57%,9.19%,1.67,57.00,No / Yes,-,-30.96%,0.00%,1.20,15.30,0.99%,140.24%,-8.49%,Nov 14 BMO,19.25K,14.99,-0.79%,3.14%,-24.63%,,"5,702",-2.01%,GDEV
-,7.08,1.33,41.35%,51.45M,-14.32%,483.22M,4.54,10.23%,0.00%,30.18M,-22.52%,92.30M,-,1.39,68.81%,31.02%,-39.92%,2.95B,0.16,-40.19%,-3.53%,7.54,-50.63%,8.76,1.07,3.50%,9.36M,-59.68%,2.74,3.43,-14.64%,19.13%,9.24 - 30.76,-33.21%,3.53 (37.56%),3.39,79.99%,5.43%,-69.47%,1.53,1.20 (12.78%),0.74,3.80%,43.76%,1.63%,0.60,"Dec 11, 2024",1.54,-47.88%,7.10%,31.75,7.80% 5.51%,12000,3.27,9.28%,3.12%,2.25,17.67,Yes / Yes,2.77,-157.21%,36.43%,0.59,9.27,-1.18%,-9.12%,13.41%,Nov 26 AMC,1.24M,9.39,-13.56%,-22.83%,-47.11%,,"180,045",1.30%,GES
RUT,14.01,4.91,16.60%,48.12M,-2.49%,3.27B,10.36,17.23%,-7.53%,39.64M,-11.46%,238.57M,1.03,1.11,79.25%,4.77%,-14.14%,2.61B,1.25,10.55%,-8.67%,5.02,9.22%,4.73,14.52,10.11%,1.89M,-0.17%,3.20,21.50,13.57%,93.05%,55.01 - 86.73,-3.54%,0.72 (1.05%),10.70,37.20%,12.95%,-20.74%,1.27,0.66 (0.96%),1.34,4.17%,40.35%,24.97%,2.06,"Feb 25, 2025",2.51,249.49%,17.42%,38.12,2.91% 2.88%,5300,7.27,-2.47%,9.13%,1.14,101.33,Yes / Yes,7.09,81.85%,14.20%,0.25,68.30,-0.82%,16.42%,-1.68%,Feb 05 BMO,376.41K,68.75,-3.97%,-7.23%,-2.01%,,"23,469",0.65%,GFF
-,6.46,9.08,0.08%,132.50M,1.75%,7.77B,6.07,9.40%,0.00%,132.40M,0.95%,1.34B,-,1.63,26.62%,2.14%,1.19%,15.84B,0.49,-17.44%,158.36%,2.54,35.87%,31.00,1.89,6.44%,2.84M,177.33%,-,-,-,32.82%,21.26 - 74.00,-5.91%,2.34 (3.99%),5.35,16.66%,27.96%,-20.76%,1.57,0.00 (0.00%),-,62.48%,-,175.87%,3.29,"Aug 19, 2024",6.07,97.65%,38.88%,49.26,5.66% 5.76%,-,0.31,30.54%,8.48%,1.00,105.58,Yes / Yes,0.05,3.50%,-,0.62,57.14,36.45%,171.19%,-41.45%,Feb 28 BMO,1.12M,58.64,1.77%,-7.34%,22.94%,,"170,453",2.63%,GGAL
-,7.67,0.38,0.00%,1.32B,-0.51%,3.81B,6.86,0.99%,-,1.30B,-2.81%,874.66M,1.17,0.10,26.98%,1.25%,-15.66%,12.48B,0.31,13.28%,-,1.54,-11.06%,4.60,0.64,5.94%,16.22M,-17.71%,1.03,2.84,6.57%,8.98%,2.67 - 4.04,1.91%,0.17 (5.89%),5.77,23.21%,7.54%,-27.35%,1.35,0.14 (4.88%),1.49,8.39%,13.78%,9.93%,0.10,"Mar 07, 2025",3.01,-45.87%,10.24%,52.40,2.79% 3.19%,-,0.26,-9.51%,7.01%,1.46,4.28,Yes / Yes,0.24,-51.99%,34.12%,0.67,2.80,1.11%,-52.41%,-2.95%,Mar 11 BMO,10.56M,2.93,1.39%,1.10%,-8.03%,,"1,746,246",4.82%,GGB
RUT,5.65,164.93,27.50%,3.37M,-0.25%,4.04B,13.83,34.80%,-0.04%,3.15M,-1.01%,719.56M,-,11.29,62.31%,1.31%,-1.34%,4.79B,0.84,-69.40%,-1.26%,2.39,27.13%,982.54,0.95,9.68%,0.04M,28.30%,266.50,3.50,-27.26%,17.48%,683.00 - 993.49,6.89%,-,12.69,21.70%,13.46%,-6.19%,0.95,5.16 (0.55%),1.50,10.60%,28.02%,36.45%,22.70,"Apr 17, 2025",1.75,281.17%,5.54%,49.32,2.19% 2.37%,21446,0.28,8.52%,15.02%,5.00,765.00,No / Yes,0.26,972.04%,4.21%,1.10,899.89,-1.78%,467.59%,6.77%,Feb 26 BMO,17.27K,931.98,-1.25%,0.93%,12.01%,,"4,678",3.57%,GHC
-,8.57,1.54,84.09%,21.59M,-1.79%,816.51M,6.47,23.26%,-0.01%,9.85M,5.60%,97.08M,0.76,0.22,9.46%,0.11%,-1.20%,1.05B,0.78,14.14%,-7.84%,1.29,-19.91%,20.25,0.65,2.28%,0.01M,-7.37%,2.02,6.53,11.32%,7.97%,11.21 - 18.25,-6.52%,0.50 (3.79%),-,75.85%,2.80%,-27.75%,0.90,-,-,16.62%,96.83%,17.66%,0.52,"Mar 17, 2025",-,346.80%,22.91%,55.32,4.56% 3.53%,4200,2.42,45.87%,9.27%,2.20,16.10,No / Yes,1.77,202.91%,31.97%,2.45,13.17,23.00%,-1.08%,65.19%,Mar 06 AMC,8.73K,13.19,3.63%,3.08%,-8.35%,,"5,136",0.15%,GHLD
RUT,14.16,1.58,79.82%,38.23M,-7.09%,856.07M,11.58,26.56%,-0.04%,7.73M,-5.36%,60.60M,-,0.20,34.35%,3.14%,-19.39%,1.32B,0.65,-2.87%,3.47%,2.07,-29.31%,7.35,3.04,11.66%,0.24M,-50.12%,1.16,19.19,-,22.49%,22.09 - 46.97,-9.86%,-,18.25,4.17%,17.31%,-52.42%,0.85,1.01 (4.52%),1.10,6.84%,34.35%,1.15%,0.61,"Mar 10, 2025",2.09,-14.20%,6.12%,36.50,2.67% 2.56%,1845,0.30,3.26%,4.61%,3.00,38.00,Yes / Yes,0.25,-30.91%,63.37%,0.34,22.10,-1.23%,-3.57%,-5.56%,Feb 25 AMC,117.40K,22.34,-5.19%,-7.51%,-24.39%,,"9,983",1.11%,GIC
-,7.00,0.88,10.45%,16.35M,-1.36%,100.77M,9.79,53.66%,0.00%,14.64M,-9.47%,14.74M,-,0.09,64.80%,0.39%,-10.65%,159.20M,0.63,-53.41%,4.76%,1.19,16.32%,5.70,1.08,11.23%,0.06M,-9.74%,4.12,1.50,-,17.13%,5.12 - 7.93,-9.47%,-,7.81,-,13.21%,-22.26%,0.27,-,4.84,-3.60%,13.98%,20.41%,0.25,"Nov 09, 2017",4.93,160.34%,6.08%,31.34,3.46% 4.00%,751,0.22,5.38%,9.26%,2.00,8.00,Yes / Yes,0.20,-40.93%,0.00%,0.26,6.16,3.58%,225.00%,-16.01%,Mar 04 AMC,48.45K,6.16,-4.81%,-9.66%,-2.61%,,"3,067",0.08%,GIFI
RUT,6.11,4.28,13.00%,43.89M,-0.99%,1.15B,6.46,-0.61%,-2.84%,38.18M,-10.54%,193.57M,-,0.09,100.55%,13.88%,-24.95%,3.18B,0.36,-7.73%,0.46%,10.09,-14.40%,37.57,0.70,7.50%,5.30M,-13.86%,4.13,6.33,-,11.99%,20.66 - 36.18,-19.78%,-,3.78,7.38%,9.89%,-27.67%,1.64,-,1.75,3.07%,39.96%,26.69%,1.45,-,2.63,268.81%,9.47%,38.69,7.06% 5.08%,4600,0.17,2.66%,6.09%,3.00,32.75,Yes / Yes,0.17,74.38%,0.00%,0.99,26.10,4.02%,31.25%,9.77%,Mar 13 BMO,525.33K,26.17,-3.19%,-11.37%,-10.56%,,"128,364",0.26%,GIII
S&P 500,12.95,4.60,0.36%,552.20M,-7.73%,32.81B,13.42,1.46%,-3.87%,549.24M,1.84%,2.60B,11.99,0.97,82.02%,4.78%,-10.02%,19.90B,1.65,-3.30%,3.82%,5.21,-18.61%,16.66,3.57,8.06%,26.26M,-9.44%,4.16,14.31,1.08%,28.02%,55.15 - 75.90,-6.67%,2.41 (4.05%),11.72,8.24%,12.03%,-21.59%,0.14,2.39 (4.02%),0.67,3.35%,35.27%,7.91%,1.97,"Apr 10, 2025",0.92,11.45%,18.71%,45.10,4.12% 3.22%,34000,1.58,-1.48%,13.08%,2.57,66.17,Yes / Yes,1.35,39.11%,54.78%,0.86,59.85,1.91%,14.96%,1.96%,Mar 19 BMO,5.04M,59.51,-2.06%,-1.36%,-9.90%,,"1,065,172",-0.56%,GIS
S&P 500,10.29,11.95,0.79%,83.85M,-2.00%,10.31B,8.13,10.49%,-18.38%,83.18M,1.24%,1.07B,1.02,3.24,84.59%,1.99%,18.65%,5.78B,1.78,10.65%,1.49%,2.47,21.35%,55.04,2.23,3.91%,1.65M,-1.10%,-,-,10.05%,23.55%,38.95 - 131.39,10.28%,1.03 (0.84%),7.43,11.82%,15.38%,-6.40%,0.64,0.96 (0.78%),-,5.02%,-,215.74%,2.99,"Apr 03, 2025",0.81,17.69%,25.65%,50.32,2.83% 2.39%,3636,0.60,6.07%,18.53%,1.77,141.83,Yes / Yes,0.50,4.56%,8.04%,0.79,121.95,-0.71%,0.58%,3.57%,Feb 05 AMC,667.93K,122.98,-0.81%,1.98%,18.00%,,"130,314",0.84%,GL
RUT,10.04,0.84,2.45%,67.28M,7.05%,570.47M,9.22,23.08%,-3.09%,65.63M,-24.43%,57.27M,-,0.26,83.61%,1.15%,-33.03%,762.69M,0.75,-11.01%,1.47%,1.68,-10.18%,6.67,1.27,4.64%,0.75M,-0.37%,0.15,55.82,-,13.73%,6.55 - 12.89,-24.90%,-,-,1.10%,6.03%,-34.22%,1.22,-,1.03,2.33%,21.33%,29.45%,0.43,"Dec 19, 2012",1.17,309.98%,12.05%,43.75,3.70% 5.71%,366,1.23,29.35%,7.51%,1.00,14.50,Yes / Yes,1.12,-9.68%,0.00%,1.45,7.84,-2.99%,27.47%,11.58%,Feb 18 BMO,448.85K,8.48,1.74%,-16.95%,-17.93%,,"161,292",8.15%,GLDD
RUT,10.72,1.23,23.98%,34.83M,-5.15%,457.35M,8.28,-0.08%,-0.11%,26.48M,0.24%,42.82M,-,0.50,48.15%,0.53%,-11.07%,677.93M,0.67,29.00%,3.82%,1.72,-3.49%,18.26,0.72,2.38%,0.14M,9.27%,-,-,-,6.95%,11.72 - 15.82,-5.49%,-,4.10,-,6.15%,-16.36%,0.67,-,-,7.86%,-,12.90%,0.45,-,1.53,-49.93%,3.65%,43.68,5.68% 3.16%,75,0.10,7.75%,6.32%,1.67,21.00,Yes / Yes,0.09,-258.01%,0.00%,0.90,13.16,-,-3361.54%,15.58%,Mar 10 AMC,82.14K,13.23,-2.21%,-3.00%,-3.00%,,"18,273",0.55%,GLRE
S&P 500,7.92,6.14,0.21%,1.00B,2.51%,48.39B,4.02,6.62%,-87.45%,992.87M,1.97%,7.19B,1.02,2.59,87.32%,4.31%,-7.79%,187.44B,0.26,6.94%,-8.26%,3.62,8.87%,63.07,0.77,2.17%,42.80M,24.02%,29.89,1.63,7.76%,9.44%,38.94 - 61.24,-8.71%,0.49 (1.01%),-,6.84%,4.66%,-20.59%,1.26,0.48 (0.99%),0.98,7.01%,12.49%,24.87%,2.01,"Mar 07, 2025",1.13,-15.25%,6.82%,51.84,4.38% 3.85%,162000,2.08,9.08%,3.84%,1.97,62.09,Yes / Yes,1.45,-202.94%,7.54%,1.39,47.11,6.05%,1.67%,10.99%,Jan 28 BMO,11.82M,48.63,2.09%,-1.47%,-0.72%,,"4,059,324",3.23%,GM
RUT,7.88,1.75,2.31%,42.76M,-3.43%,590.06M,9.57,108.71%,-6.65%,41.77M,-3.83%,76.40M,1.28,-0.22,67.12%,2.85%,-9.63%,423.02M,1.39,-58.38%,-1.65%,2.04,-18.97%,21.67,0.64,6.95%,1.19M,-34.84%,1.03,13.41,6.15%,8.30%,13.36 - 23.43,-1.00%,1.21 (8.80%),8.41,-,7.53%,-41.10%,0.91,1.46 (10.58%),1.83,5.00%,27.58%,3.29%,0.49,"Mar 11, 2025",2.38,691.14%,19.31%,43.85,3.27% 3.40%,962,0.10,10.21%,18.06%,1.67,19.84,Yes / Yes,0.09,154.65%,89.70%,0.75,13.93,-4.75%,-2.95%,-14.12%,Feb 19 AMC,583.87K,13.80,-2.78%,-3.52%,-19.51%,,"107,871",-0.93%,GNK
RUT,9.70,0.67,2.19%,421.42M,-1.88%,2.74B,11.88,-33.33%,0.00%,409.69M,-9.24%,299.00M,-,0.29,88.42%,1.59%,-11.21%,7.16B,0.38,33.06%,1.76%,1.47,0.23%,20.16,0.32,0.44%,6.52M,3.73%,-,-,-,3.87%,5.67 - 7.90,-6.51%,-,31.10,-5.65%,2.98%,-17.28%,1.00,-,-,-2.26%,-,15.26%,0.17,"Oct 08, 2008",-,10092.54%,9.97%,39.47,2.75% 2.49%,2960,0.18,4.06%,4.18%,3.00,8.50,Yes / Yes,0.18,99.49%,0.00%,0.62,6.45,-,-76.47%,14.58%,Feb 18 AMC,4.44M,6.53,-2.55%,-5.78%,-4.01%,,"685,241",1.32%,GNW
RUT,6.84,1.12,0.90%,199.40M,-12.83%,1.53B,5.32,121.13%,0.00%,198.22M,-16.63%,223.21M,0.27,-0.17,33.82%,2.59%,-19.10%,968.42M,1.58,-35.24%,10.66%,1.78,-31.56%,9.53,0.80,6.50%,5.14M,-43.12%,0.66,11.61,24.99%,11.68%,7.62 - 15.77,-14.68%,0.77 (10.02%),5.80,33.97%,7.10%,-51.52%,1.16,1.05 (13.73%),1.22,13.09%,32.76%,0.33%,0.41,"Mar 11, 2025",1.22,98.70%,30.25%,33.02,4.52% 3.95%,38,0.73,9.33%,23.05%,2.11,11.84,Yes / Yes,0.66,-32.06%,107.52%,1.17,7.88,2.37%,-59.36%,-17.01%,Feb 26 BMO,2.90M,7.64,-15.47%,-15.95%,-31.89%,,"836,138",-2.98%,GOGL
RUT,10.50,36.66,3.77%,13.28M,-12.80%,5.10B,8.43,10.12%,-1.71%,12.75M,-18.67%,487.60M,-,9.56,102.32%,9.43%,-9.37%,19.93B,0.26,5.73%,-3.00%,7.97,13.13%,223.99,1.72,5.48%,1.20M,45.22%,2.60,148.15,-,17.23%,261.20 - 490.09,-8.71%,2.00 (0.52%),23.00,31.55%,8.14%,-21.49%,1.05,1.91 (0.50%),0.25,11.45%,15.69%,47.32%,15.21,"Mar 03, 2025",1.03,-13.75%,4.57%,22.15,5.18% 3.20%,20413,1.76,11.53%,2.45%,1.67,507.43,Yes / Yes,1.01,-9.85%,5.11%,1.58,385.24,5.22%,9.94%,23.79%,Jan 29 BMO,150.94K,384.79,-13.71%,-13.87%,0.97%,,"59,083",-0.12%,GPI
-,12.18,2.15,1.42%,300.16M,-5.35%,7.88B,9.43,9.25%,-0.88%,295.94M,-0.69%,658.00M,2.09,0.59,107.54%,7.11%,-11.15%,8.81B,0.89,2.31%,2.54%,8.78,-9.52%,10.03,2.62,5.90%,21.05M,-5.69%,0.52,50.19,5.82%,22.72%,25.12 - 30.70,-3.36%,0.43 (1.63%),-,25.19%,7.87%,-14.50%,0.80,0.40 (1.52%),0.54,8.16%,22.66%,4.47%,0.71,"Mar 14, 2025",1.46,-7.81%,13.04%,43.65,3.61% 2.51%,23000,1.81,-6.59%,7.47%,1.83,31.05,Yes / Yes,1.78,-28.24%,18.55%,0.44,26.21,-3.17%,-6.38%,-6.85%,Feb 04 BMO,2.40M,26.25,-1.92%,-2.67%,-6.64%,,"260,522",0.14%,GPK
-,4.16,1.96,26.72%,51.16M,1.68%,417.23M,4.16,6.54%,0.00%,37.49M,-8.58%,96.33M,-,-,40.48%,4.41%,-25.53%,660.82M,0.63,2.20%,-12.67%,2.10,8.44%,3.79,2.15,8.69%,1.65M,-12.50%,5.41,1.51,-5.48%,50.79%,7.24 - 11.72,-12.03%,0.59 (7.28%),2.94,13.97%,13.86%,-30.42%,0.93,0.58 (7.08%),1.14,9.87%,52.93%,12.64%,0.42,"Mar 19, 2025",1.17,-7.12%,43.12%,45.36,5.11% 4.84%,470,2.53,-12.66%,14.58%,1.40,14.60,Yes / Yes,2.42,-35.33%,31.42%,0.96,7.82,1.32%,-16.19%,-28.04%,Mar 05 AMC,787.65K,8.15,-1.90%,-11.33%,-11.70%,,"186,737",4.28%,GPRK
RUT,6.83,8.43,8.15%,44.50M,-6.96%,2.56B,6.61,7.67%,-0.17%,40.87M,-2.83%,378.71M,-,1.75,77.30%,3.25%,-14.02%,2.10B,1.22,-4.30%,-0.60%,4.03,-21.68%,35.46,1.62,18.36%,1.33M,7.64%,3.59,16.05,-,26.08%,51.76 - 84.66,1.95%,-,118.92,48.78%,19.24%,-31.97%,1.81,-,0.83,22.30%,33.29%,11.26%,2.16,-,10.13,36.74%,22.72%,43.28,3.42% 3.57%,650,0.21,18.07%,18.04%,3.00,70.00,Yes / Yes,0.21,45.98%,0.00%,0.47,57.30,2.08%,14.54%,25.96%,Feb 26 AMC,330.07K,57.59,-3.27%,-2.62%,-13.71%,,"37,976",0.51%,GRBK
"DJIA, S&P 500",13.24,40.55,0.50%,310.65M,-4.06%,167.54B,10.41,11.26%,-5.03%,310.49M,-17.27%,13.53B,1.12,12.48,73.93%,1.56%,-8.22%,126.36B,1.33,14.39%,-0.22%,1.83,13.95%,350.05,1.53,0.86%,4.84M,38.32%,-,-,11.83%,11.95%,383.41 - 672.19,-6.23%,12.53 (2.33%),2.35,14.03%,4.02%,-20.12%,1.34,11.75 (2.19%),-,20.29%,-,40.04%,19.57,"Feb 28, 2025",1.08,77.97%,14.96%,31.68,3.66% 3.35%,46500,5.52,14.80%,10.70%,2.00,655.33,Yes / Yes,1.76,118.12%,28.37%,1.39,524.81,12.23%,45.57%,9.06%,Jan 15 BMO,2.64M,536.92,-9.95%,-11.97%,0.02%,,"908,847",2.31%,GS
RUT,10.73,5.26,25.81%,11.72M,-1.12%,654.93M,10.65,1.73%,-0.94%,8.61M,-5.09%,61.81M,-,1.27,44.70%,1.60%,-13.80%,357.12M,1.83,-0.89%,1.28%,3.99,1.46%,51.14,1.10,1.05%,0.14M,9.42%,-,-,-,10.55%,49.74 - 68.01,-5.41%,1.64 (2.90%),18.12,0.47%,8.76%,-16.97%,0.51,1.60 (2.83%),-,6.57%,-,13.53%,1.48,"Dec 30, 2024",0.15,-6.27%,21.14%,40.99,2.94% 2.32%,1108,1.14,8.68%,17.31%,3.00,63.67,Yes / Yes,0.18,14.41%,30.43%,0.23,55.93,2.05%,-3.79%,7.63%,Jan 21 AMC,34.66K,56.47,-2.34%,-3.94%,-3.39%,,"1,938",0.97%,GSBC
-,2.36,9.71,7.44%,35.45M,-2.09%,808.87M,2.29,4.20%,0.00%,32.64M,2.32%,344.09M,-,2.31,54.95%,2.72%,2.82%,711.05M,1.14,-3.97%,-8.41%,2.44,-2.76%,41.29,0.56,15.56%,0.89M,14.35%,6.33,3.63,-9.47%,26.71%,19.16 - 30.23,5.08%,2.10 (9.15%),4.31,46.48%,17.19%,-24.12%,1.18,1.65 (7.19%),1.07,24.15%,55.73%,19.70%,0.66,"Feb 24, 2025",1.14,16.97%,53.32%,54.67,2.94% 2.76%,7,0.47,5.37%,48.39%,1.67,31.00,Yes / Yes,0.37,38.50%,16.94%,0.62,22.98,6.59%,10.23%,1.98%,Mar 05 BMO,364.85K,22.94,1.37%,3.56%,-6.13%,,"55,878",-0.17%,GSL
RUT,1.29,3.33,16.57%,90.77M,15.11%,458.07M,1.49,537.63%,-1.06%,84.72M,9.54%,323.00M,-,-0.44,65.15%,4.35%,-1.49%,3.64B,0.13,-119.64%,1.99%,2.39,-3.04%,22.93,0.19,3.50%,3.69M,-26.91%,1.27,3.39,-,13.50%,2.91 - 7.41,36.67%,-,0.75,21.51%,3.76%,-41.90%,1.09,0.32 (7.43%),0.99,13.24%,26.76%,47.94%,0.25,"Mar 14, 2025",1.03,346.72%,23.90%,63.69,7.54% 6.83%,9118,1.94,11.06%,8.86%,2.33,5.40,Yes / Yes,1.93,772.78%,9.51%,1.18,4.21,0.65%,25.99%,20.95%,Feb 27 BMO,1.55M,4.30,10.70%,15.21%,-8.00%,,"452,298",2.26%,GTN
-,6.99,1.27,1.46%,206.39M,-6.27%,1.82B,5.72,18.91%,-41.91%,202.01M,-3.42%,282.00M,-,0.28,91.29%,3.53%,-2.99%,3.48B,0.52,-7.08%,-2.81%,6.76,13.67%,-3.26,-,11.74%,7.13M,-6.77%,0.61,14.43,-,-,7.13 - 10.39,-1.81%,-,5.73,-21.13%,33.85%,-14.62%,0.66,0.06 (0.68%),0.71,1.92%,25.58%,24.35%,0.31,"Jan 15, 2025",0.93,199.06%,13.32%,39.30,3.45% 3.50%,7000,-,-10.58%,8.12%,1.50,12.00,Yes / Yes,-,118.83%,4.77%,0.30,8.68,-1.92%,77.42%,-10.69%,Feb 20 BMO,1.05M,8.87,-5.81%,-5.47%,2.47%,,"79,464",2.15%,GTX
RUT,10.59,2.05,1.74%,30.20M,-3.16%,656.16M,8.00,10.14%,-4.54%,29.67M,-10.17%,61.70M,-,0.58,90.96%,1.20%,-15.84%,430.80M,1.52,20.29%,1.13%,1.80,18.10%,24.25,0.90,0.81%,0.36M,43.53%,-,-,-,8.60%,14.45 - 27.59,-8.00%,1.06 (4.88%),13.16,14.13%,6.62%,-21.24%,0.70,1.02 (4.69%),-,10.20%,-,50.38%,0.81,"Feb 10, 2025",0.12,-21.76%,20.37%,35.25,3.74% 3.35%,597,0.59,8.33%,14.32%,2.20,28.75,Yes / Yes,0.27,-4.46%,48.79%,0.42,21.30,-1.23%,11.37%,4.60%,Jan 28 AMC,197.73K,21.73,-6.20%,-6.73%,3.50%,,"20,734",2.02%,HAFC
-,2.83,1.50,47.38%,502.92M,-2.75%,2.14B,5.76,4.40%,0.00%,264.65M,-21.00%,774.04M,-,0.16,31.91%,1.45%,-22.16%,2.87B,0.75,-53.53%,3.70%,1.21,-39.37%,4.50,0.94,20.24%,3.84M,-38.05%,0.56,7.54,-16.87%,34.48%,3.91 - 8.99,-23.70%,0.55 (12.85%),2.30,48.99%,25.39%,-52.73%,-,1.16 (27.24%),1.22,36.39%,28.64%,8.70%,0.19,"Mar 07, 2025",1.36,-3.53%,25.87%,37.24,3.00% 3.39%,5040,0.50,29.78%,26.98%,2.25,5.95,Yes / Yes,0.35,-56.75%,76.45%,0.47,4.25,-4.63%,6.17%,-24.25%,Feb 27 BMO,3.19M,4.25,-6.38%,-16.50%,-34.98%,,"370,755",0.00%,HAFN
S&P 500,8.77,2.83,0.50%,868.00M,-0.70%,21.55B,8.16,13.74%,-3.46%,863.79M,-4.41%,2.50B,2.21,0.61,85.84%,2.37%,-14.60%,22.94B,0.94,-10.50%,-0.61%,1.91,-11.24%,12.10,2.05,9.95%,20.50M,-32.45%,3.02,8.23,3.97%,25.14%,23.42 - 41.56,-8.70%,0.71 (2.85%),8.89,-,13.45%,-40.27%,1.47,0.68 (2.74%),1.54,3.23%,18.75%,6.00%,0.82,"Mar 05, 2025",2.05,-3.41%,17.16%,42.69,3.10% 3.18%,48000,0.83,-0.32%,10.90%,1.69,33.96,Yes / Yes,0.77,-4.61%,24.01%,0.66,24.34,-0.41%,0.72%,-2.25%,Jan 22 BMO,10.74M,24.83,-2.74%,-6.44%,-16.94%,,"1,765,482",1.99%,HAL
S&P 500,11.97,1.22,1.22%,1.45B,-3.53%,21.33B,9.28,12.64%,-0.27%,1.44B,-11.97%,1.80B,0.87,0.32,85.67%,4.06%,-15.28%,11.86B,1.80,14.47%,1.89%,2.87,2.71%,12.21,1.20,0.99%,58.60M,8.67%,-,-,13.75%,9.93%,12.05 - 18.44,-10.23%,0.64 (4.36%),13.33,-0.74%,5.01%,-20.82%,0.94,0.62 (4.25%),-,17.58%,-,21.20%,0.44,"Mar 18, 2025",0.10,-1.25%,19.75%,32.30,3.10% 2.64%,-,0.87,10.13%,15.18%,1.86,19.21,Yes / Yes,0.82,129.71%,50.83%,0.60,14.28,3.85%,8.90%,9.37%,Jan 23 BMO,20.45M,14.60,-6.80%,-10.65%,-4.57%,,"3,024,045",2.28%,HBAN
RUT,9.78,4.55,13.95%,8.09M,-1.83%,360.51M,8.83,6.08%,-0.02%,6.95M,-10.31%,36.43M,-,1.14,46.50%,0.35%,-10.08%,199.02M,1.81,1.74%,1.79%,1.08,8.32%,48.95,0.91,1.08%,0.02M,27.24%,-,-,-,9.54%,33.30 - 52.77,-3.66%,1.07 (2.41%),7.47,8.30%,5.77%,-15.63%,0.56,1.03 (2.31%),-,11.71%,-,33.69%,1.29,"Feb 10, 2025",0.05,-8.61%,22.69%,36.33,3.44% 2.50%,467,0.59,11.27%,18.30%,2.25,55.00,Yes / Yes,0.59,3.25%,22.20%,5.61,43.50,3.57%,11.77%,9.45%,Jan 27 AMC,22.60K,44.52,-4.13%,-5.83%,0.27%,,"31,047",2.34%,HBCP
S&P 500,14.50,21.99,28.55%,249.98M,-3.43%,78.50B,11.40,12.46%,-0.03%,175.91M,2.06%,5.76B,1.19,5.78,65.67%,3.35%,0.64%,70.60B,1.11,13.22%,0.52%,3.58,-17.96%,-10.00,-,9.95%,5.89M,-1.46%,8.21,38.84,12.16%,-,289.98 - 417.14,6.22%,2.80 (0.88%),13.92,16.93%,15.28%,-23.57%,1.52,2.64 (0.83%),0.97,6.69%,14.94%,9.95%,10.60,"Mar 17, 2025",1.08,15.32%,14.94%,49.20,4.35% 3.22%,316000,-,8.67%,8.16%,1.86,379.05,Yes / Yes,-,-4.95%,12.00%,0.42,314.79,0.28%,1.46%,5.68%,Jan 24 BMO,1.64M,318.83,-0.24%,0.23%,-7.76%,,"169,662",1.28%,HCA
RUT,10.19,4.79,2.44%,52.31M,4.41%,2.56B,7.40,86.64%,-0.61%,51.26M,-7.29%,250.60M,1.19,0.12,102.87%,12.41%,-24.29%,1.53B,1.68,-28.21%,3.56%,7.81,-6.26%,39.97,1.22,10.13%,6.36M,-10.91%,9.63,5.07,8.53%,12.64%,44.62 - 75.53,-10.01%,0.44 (0.89%),-,-3.96%,11.13%,-35.38%,0.79,0.32 (0.66%),3.84,9.74%,20.88%,9.39%,2.34,"Feb 24, 2025",5.06,-47.93%,16.75%,46.20,4.50% 5.13%,1336,0.08,-9.10%,16.43%,2.00,70.00,Yes / Yes,0.08,-99.12%,6.68%,0.49,48.30,-2.53%,-69.40%,-18.50%,Feb 13 AMC,814.29K,48.81,0.14%,-5.59%,-19.33%,,"98,067",1.06%,HCC
RUT,11.71,0.51,12.26%,44.28M,3.53%,264.37M,10.85,38.33%,0.05%,39.66M,6.66%,24.39M,-,0.05,73.58%,1.50%,1.78%,237.12M,1.11,-23.08%,-3.03%,1.35,-23.21%,5.55,1.08,8.14%,0.60M,-47.09%,1.59,3.77,-,10.28%,5.17 - 12.22,7.62%,-,3.06,-,9.73%,-50.86%,1.03,-,2.08,12.26%,28.67%,16.15%,0.21,-,4.09,-53.53%,12.36%,57.73,6.06% 3.72%,237,0.02,-17.96%,10.29%,3.00,6.56,Yes / Yes,0.02,-168.75%,0.00%,0.71,5.95,-8.73%,-140.00%,-22.77%,Mar 06 AMC,442.99K,6.01,3.18%,3.41%,-16.84%,,"78,037",0.92%,HDSN
RUT,10.24,4.96,1.56%,22.85M,-10.42%,1.16B,6.42,9.46%,0.00%,22.50M,-8.58%,115.57M,-,2.39,105.77%,10.54%,-29.49%,1.91B,0.61,-18.89%,-1.18%,5.41,-7.87%,71.25,0.71,3.90%,2.37M,-57.45%,1.79,28.47,-0.06%,7.19%,48.05 - 119.21,-15.06%,-,9.46,1.21%,4.83%,-57.37%,0.90,-,1.05,4.71%,47.81%,5.76%,2.24,-,1.92,-26.64%,11.33%,30.82,4.87% 4.13%,1927,0.48,-4.36%,6.05%,2.14,85.75,Yes / Yes,0.47,-32.17%,0.00%,0.36,50.75,-0.31%,1.85%,-3.40%,Jan 08 BMO,438.42K,50.82,-8.47%,-13.76%,-23.23%,,"38,846",0.14%,HELE
RUT,5.31,3.81,44.47%,64.27M,-3.32%,2.06B,4.72,41.74%,-0.06%,56.54M,7.53%,400.43M,0.51,0.19,47.02%,2.58%,6.45%,2.26B,0.91,-17.66%,-0.89%,3.22,9.98%,22.95,0.88,6.76%,1.46M,42.36%,-,-,10.39%,18.30%,12.44 - 21.05,6.23%,-,2.71,-,16.16%,-3.97%,0.50,-,-,30.99%,-,62.50%,0.65,-,0.72,62.05%,28.62%,58.96,2.95% 3.53%,600,0.06,55.66%,17.70%,1.43,23.83,Yes / Yes,0.06,-70.96%,0.00%,0.85,20.22,18.20%,-42.85%,27.56%,Feb 26 AMC,453.14K,20.22,3.85%,5.44%,10.76%,,"95,694",-0.02%,HG
-,7.97,0.28,12.09%,36.34M,4.65%,82.06M,7.85,12.00%,-2.95%,32.83M,-0.11%,10.28M,-,0.05,35.02%,0.09%,27.03%,49.88M,1.65,78.57%,20.46%,0.43,34.82%,1.82,1.21,11.88%,0.03M,-26.75%,0.71,3.09,-,16.77%,1.52 - 3.09,18.79%,-,4.96,20.66%,15.15%,-28.88%,1.23,-,1.56,27.38%,68.19%,44.58%,0.10,-,1.78,-42.24%,18.30%,58.55,3.97% 4.24%,82,0.05,-15.59%,20.60%,1.00,3.40,No / Yes,0.03,-44.19%,0.00%,13.79,2.09,-19.81%,-115.38%,-33.06%,Mar 13 AMC,66.01K,2.20,5.17%,5.09%,11.12%,,"220,609",5.15%,HGBL
S&P 500,11.32,10.36,0.40%,287.56M,-0.47%,33.46B,9.18,13.73%,-4.51%,284.26M,5.44%,3.09B,1.00,2.30,95.11%,1.56%,3.78%,26.54B,1.26,9.00%,0.48%,2.60,2.79%,56.03,2.09,4.31%,4.44M,18.50%,-,-,11.35%,19.58%,94.47 - 124.90,7.17%,2.06 (1.76%),5.81,12.84%,14.85%,-6.13%,0.70,1.98 (1.69%),-,5.16%,-,24.11%,2.22,"Mar 03, 2025",0.32,29.77%,15.26%,56.81,2.09% 1.83%,19100,0.27,8.19%,11.64%,2.09,128.67,Yes / Yes,0.27,14.81%,18.65%,0.27,116.50,4.02%,11.39%,7.48%,Jan 30 AMC,1.71M,117.25,1.24%,3.67%,5.09%,,"113,547",0.64%,HIG
S&P 500,14.16,13.96,0.87%,39.13M,0.81%,7.75B,11.97,18.08%,0.91%,38.89M,20.84%,550.00M,1.34,2.94,94.01%,6.51%,3.44%,11.54B,0.67,0.13%,0.89%,3.30,-23.32%,119.25,1.66,4.49%,2.53M,-31.92%,21.18,9.33,10.57%,12.56%,158.88 - 294.81,4.54%,4.50 (2.28%),298.12,1.03%,7.26%,-32.99%,0.34,5.30 (2.68%),1.01,5.40%,12.57%,24.34%,7.31,"Feb 28, 2025",1.08,-18.39%,4.14%,62.38,4.13% 3.77%,44000,0.74,0.71%,4.77%,2.87,184.18,Yes / Yes,0.62,-54.42%,37.61%,0.73,195.51,-1.47%,-6.81%,-5.45%,Feb 06 BMO,767.91K,197.55,8.98%,5.96%,-13.35%,,"139,092",1.05%,HII
RUT,3.17,2.50,2.71%,101.20M,-10.82%,800.47M,3.26,24.05%,0.55%,98.46M,54.79%,254.30M,0.16,0.40,100.77%,15.96%,1.02%,4.99B,0.16,-0.31%,-8.75%,5.67,9.71%,-7.92,-,9.18%,15.72M,-11.12%,4.15,1.91,20.22%,-,5.04 - 12.79,18.24%,-,4.90,2.65%,18.91%,-38.17%,1.04,-,0.54,0.79%,75.84%,56.94%,0.51,"Feb 28, 2014",0.93,75.47%,8.07%,53.41,6.18% 7.31%,8600,-,-1.37%,5.09%,2.80,8.88,Yes / Yes,-,1621.72%,0.00%,0.63,8.07,1.09%,89.87%,-0.63%,Feb 19 AMC,2.77M,7.91,-1.17%,15.64%,-4.26%,,"430,658",-1.98%,HLF
-,6.81,4.30,0.00%,1.55B,0.45%,45.34B,6.45,7.89%,-,1.55B,6.31%,6.84B,1.46,0.72,21.64%,0.31%,12.60%,143.69B,0.32,-3.03%,4.47%,3.09,-5.36%,53.74,0.55,3.47%,4.79M,-16.70%,20.41,1.44,4.66%,8.11%,23.41 - 37.90,2.70%,1.36 (4.63%),174.21,8.48%,5.42%,-22.64%,0.54,1.42 (4.84%),1.10,0.03%,21.49%,25.25%,0.62,"Sep 27, 2024",1.38,6.93%,6.61%,61.28,1.74% 1.75%,194993,0.88,4.37%,4.76%,1.71,34.46,Yes / Yes,0.52,23.91%,13.90%,0.48,28.83,3.88%,9.49%,-0.40%,Feb 13 AMC,1.55M,29.32,4.24%,3.51%,-1.81%,,"184,934",1.70%,HMC
-,13.24,0.92,0.07%,622.18M,2.83%,7.58B,7.06,20.56%,0.00%,621.73M,2.48%,580.30M,0.68,-,24.10%,1.63%,31.05%,3.80B,1.99,39.10%,57.74%,1.49,38.51%,3.90,3.12,16.77%,10.14M,56.89%,0.83,14.75,19.56%,25.19%,7.21 - 12.48,48.29%,0.21 (1.71%),14.58,-,22.88%,-2.48%,1.51,0.13 (1.08%),1.46,13.73%,31.52%,68.86%,0.52,"Apr 11, 2025",1.84,20.44%,28.29%,61.99,4.25% 3.95%,34715,0.05,20.35%,15.28%,3.50,12.05,Yes / Yes,0.04,37.42%,14.15%,0.83,12.21,-,-,26.51%,Mar 04 BMO,6.83M,12.18,8.98%,13.84%,23.25%,,"1,397,405",-0.29%,HMY
-,13.94,1.62,43.70%,7.43M,5.28%,161.74M,7.19,35.27%,-0.73%,4.03M,-12.15%,11.80M,-,0.48,18.48%,1.29%,-11.04%,146.76M,1.10,40.06%,37.69%,2.89,29.59%,26.48,0.85,0.53%,0.05M,31.70%,-,-,-,6.17%,13.62 - 27.14,-1.91%,0.40 (1.77%),52.69,-2.99%,3.49%,-16.68%,0.11,0.40 (1.77%),-,31.42%,-,66.03%,1.27,"Feb 12, 2025",0.12,-11.28%,10.91%,42.73,9.72% 4.71%,-,0.72,28.86%,8.04%,2.00,28.00,No / Yes,0.72,1.82%,24.10%,0.24,22.10,-5.29%,1.96%,8.24%,Jan 29 BMO,17.98K,22.61,-3.56%,-6.52%,11.43%,,"1,056",2.32%,HNVR
-,7.30,3.33,0.81%,124.28M,-6.91%,3.02B,5.91,25.74%,-0.76%,123.53M,-6.98%,455.36M,0.78,0.88,96.15%,12.74%,-26.85%,5.19B,0.58,-5.07%,0.13%,7.09,-30.77%,25.48,0.95,3.79%,15.74M,-39.36%,13.85,1.75,9.42%,14.19%,23.81 - 44.16,-19.39%,0.68 (2.80%),3.49,5.10%,5.93%,-45.00%,1.30,0.70 (2.87%),1.19,1.07%,30.89%,2.01%,1.09,"Feb 28, 2025",1.40,-31.78%,8.62%,37.82,6.25% 4.05%,5900,2.22,-11.13%,8.78%,2.35,31.50,Yes / Yes,1.43,-607.57%,20.05%,0.58,24.20,-9.01%,-40.97%,-34.71%,Feb 05 BMO,2.22M,24.29,-5.77%,-10.45%,-25.85%,,"317,521",0.36%,HOG
RUT,12.63,0.82,5.05%,120.76M,-1.75%,1.25B,8.10,56.40%,-2.59%,114.67M,-8.50%,99.63M,-,0.13,90.60%,1.67%,-22.27%,1.02B,1.23,0.00%,0.48%,2.57,-13.31%,17.68,0.59,0.55%,1.92M,-6.27%,-,-,-,4.68%,9.80 - 14.53,-15.50%,0.56 (5.39%),11.73,-9.41%,4.38%,-28.55%,0.95,0.56 (5.39%),-,8.57%,-,5.97%,0.28,"Feb 06, 2025",0.04,-25.89%,14.09%,34.59,2.85% 2.46%,1244,0.18,-6.33%,9.75%,2.50,13.50,Yes / Yes,0.06,-8.57%,68.08%,0.38,10.26,-1.63%,41.34%,-7.87%,Jan 27 BMO,745.16K,10.39,-3.17%,-8.86%,-13.70%,,"69,989",1.22%,HOPE
RUT,3.10,32.50,26.41%,5.20M,-7.25%,600.79M,7.19,8.86%,-2.08%,4.36M,-22.51%,227.88M,-,2.45,58.60%,4.88%,-39.86%,3.09B,0.19,-59.03%,-5.40%,2.50,-48.00%,114.12,0.88,9.79%,0.21M,-31.14%,24.18,4.17,-,33.63%,95.26 - 240.34,-24.73%,-,12.62,-,12.59%,-58.09%,2.42,-,0.47,8.71%,18.97%,5.74%,6.05,-,3.41,19.66%,10.04%,32.96,6.18% 5.50%,1878,1.24,8.88%,7.38%,3.00,120.00,No / Yes,1.23,22.87%,0.00%,0.38,101.48,-4.56%,32.10%,13.64%,Feb 24 BMO,84.92K,100.73,-8.23%,-18.36%,-38.80%,,"7,920",-0.74%,HOV
RUT,8.45,3.02,3.97%,99.19M,-0.04%,2.54B,7.52,21.73%,1.66%,95.43M,-5.16%,299.52M,15.37,0.66,105.04%,9.04%,-24.58%,2.76B,0.92,-20.21%,-2.39%,5.13,-16.96%,29.71,0.86,5.85%,8.63M,-34.25%,6.03,4.24,0.55%,10.50%,23.80 - 43.70,-20.17%,1.00 (3.92%),12.51,-,6.33%,-41.51%,1.00,1.00 (3.91%),2.52,7.30%,25.96%,7.39%,1.16,"May 15, 2025",2.81,-27.85%,15.33%,40.90,3.71% 4.43%,7000,0.60,-2.59%,10.87%,2.68,34.93,Yes / Yes,0.60,-42.23%,44.07%,0.39,24.83,-2.22%,4.23%,0.02%,Feb 06 BMO,1.68M,25.56,-1.25%,-14.54%,-23.08%,,"162,049",2.94%,HP
S&P 500,7.59,2.02,0.58%,1.31B,-2.97%,20.15B,7.37,13.85%,-15.79%,1.31B,-27.26%,2.77B,1.37,0.34,84.43%,2.30%,-30.02%,31.15B,0.65,-8.19%,0.63%,1.82,-6.46%,19.21,0.80,4.37%,29.98M,-15.01%,10.55,1.45,5.55%,12.09%,14.64 - 24.66,-28.15%,0.53 (3.49%),12.23,19.99%,7.18%,-37.79%,1.24,0.52 (3.39%),0.98,0.87%,30.19%,4.78%,0.83,"Mar 21, 2025",1.32,43.19%,7.52%,22.63,5.24% 3.73%,61000,0.71,10.93%,8.88%,2.06,19.00,Yes / Yes,0.53,44.30%,27.22%,1.11,14.77,0.51%,-1.39%,16.03%,Mar 06 AMC,16.50M,15.34,-18.28%,-26.20%,-24.35%,,"4,511,118",3.86%,HPE
S&P 500,10.19,2.78,0.25%,944.66M,-7.13%,26.74B,7.52,5.97%,-12.22%,940.33M,-14.16%,2.72B,1.73,0.80,81.77%,2.96%,-18.83%,53.60B,0.50,5.26%,-2.30%,3.98,-15.01%,-1.13,-,7.27%,27.81M,-7.01%,3.07,9.24,5.88%,-,27.42 - 39.79,-13.08%,1.17 (4.11%),8.19,6.29%,34.05%,-28.73%,1.10,1.13 (3.98%),0.42,-1.51%,21.12%,3.41%,0.92,"Mar 12, 2025",0.72,-18.56%,7.37%,29.89,3.60% 2.69%,58000,-,1.03%,5.07%,2.76,36.38,Yes / Yes,-,-4.90%,39.29%,0.42,27.91,0.88%,-0.80%,3.47%,Feb 27 AMC,6.99M,28.36,-10.13%,-12.27%,-18.54%,,"731,212",1.62%,HPQ
-,13.71,3.63,1.30%,133.84M,-10.28%,6.67B,9.66,-2.27%,-0.46%,132.10M,-3.28%,528.26M,1.42,5.17,95.70%,10.61%,-11.59%,3.62B,1.84,19.67%,0.85%,10.84,-20.87%,-6.52,-,19.38%,14.01M,4.23%,2.55,19.52,9.63%,968.17%,45.87 - 68.45,-5.75%,1.52 (3.06%),9.70,15.11%,41.01%,-27.24%,0.46,1.45 (2.90%),0.73,4.06%,44.31%,8.57%,1.61,"Mar 04, 2025",0.73,-2.16%,22.07%,37.04,5.04% 2.88%,70900,-,3.77%,14.59%,2.50,62.33,Yes / Yes,-,-34.69%,30.33%,0.44,49.96,-1.64%,-3.59%,-0.01%,Feb 04 AMC,1.29M,49.80,-5.76%,-6.91%,-12.47%,,"139,889",-0.31%,HRB
RUT,6.82,2.01,26.16%,30.61M,20.25%,419.91M,4.67,31.34%,-0.00%,22.66M,15.19%,61.54M,-,0.33,55.26%,2.89%,11.08%,816.98M,0.51,11.11%,4.27%,3.64,-9.85%,9.50,1.44,4.35%,0.65M,52.91%,-,-,-,24.08%,6.14 - 16.90,13.10%,-,1.78,15.43%,14.24%,-19.02%,1.00,-,-,9.90%,-,122.88%,0.70,"Jun 13, 2022",1.06,16.40%,11.46%,72.22,9.57% 5.57%,566,0.49,10.74%,7.53%,1.67,19.50,Yes / Yes,0.49,-42.62%,0.00%,2.24,12.53,5.20%,17.86%,11.13%,Mar 11 AMC,179.79K,13.69,15.53%,17.89%,22.92%,,"99,623",9.22%,HRTG
-,9.26,6.16,0.00%,3.59B,-1.73%,203.01B,8.16,7.02%,-,3.56B,3.55%,22.92B,1.83,1.55,1.52%,0.27%,18.77%,145.28B,1.40,-0.35%,23.17%,4.08,32.58%,46.22,1.23,0.76%,9.65M,53.60%,-,-,5.07%,13.74%,36.52 - 61.88,15.32%,3.32 (5.83%),-,33.35%,7.99%,-7.83%,0.41,3.30 (5.79%),-,11.87%,-,56.19%,1.28,"Mar 07, 2025",1.46,8.57%,17.38%,53.84,1.74% 1.57%,211000,2.72,6.79%,15.77%,1.33,56.00,Yes / Yes,0.73,238.29%,52.55%,1.41,55.63,0.11%,10.75%,-19.88%,Feb 19 BMO,2.37M,57.03,-0.84%,5.98%,21.40%,,"825,845",2.53%,HSBC
-,3.89,0.24,75.48%,20.86M,-18.19%,19.18M,8.33,-75.28%,-0.21%,5.13M,-35.93%,4.92M,-,0.07,2.93%,0.44%,-42.01%,30.29M,0.63,311.90%,251.16%,0.07,39.69%,0.59,1.54,21.05%,0.02M,-9.28%,0.41,2.24,-,48.70%,0.55 - 3.38,-49.52%,-,-,-34.25%,31.35%,-72.89%,1.87,0.04 (4.37%),1.88,43.58%,57.29%,66.56%,0.14,"Aug 19, 2024",1.88,272.80%,22.27%,30.88,12.80% 11.21%,16,0.37,47.63%,16.24%,1.00,2.75,No / Yes,0.27,578.77%,-,0.28,0.94,3.82%,50.01%,280.69%,Nov 14 BMO,336.29K,0.92,-24.38%,-38.16%,-14.16%,,"23,005",-2.53%,HTCR
RUT,5.48,8.06,51.19%,13.96M,-0.70%,782.22M,13.10,102.10%,0.00%,8.64M,-13.89%,142.30M,-,0.34,48.71%,5.89%,-19.93%,4.31B,0.18,-79.23%,0.60%,6.36,-23.56%,27.27,1.62,6.93%,0.51M,-22.74%,5.46,8.10,-22.17%,32.90%,42.59 - 84.44,-13.21%,-,6.36,30.29%,17.74%,-47.66%,1.28,1.40 (3.17%),0.64,6.17%,22.66%,3.78%,2.00,"Feb 28, 2025",1.35,11.15%,8.09%,33.66,3.79% 4.52%,8500,1.14,4.61%,3.30%,2.00,72.50,Yes / Yes,0.69,-59.69%,17.11%,0.19,43.51,4.43%,-57.97%,3.92%,Feb 25 AMC,79.99K,44.20,-9.14%,-13.14%,-26.80%,,"3,809",1.59%,HY
RUT,9.58,2.38,12.42%,22.71M,-5.99%,518.08M,7.05,35.75%,-0.66%,19.89M,-22.63%,55.20M,0.41,0.18,84.99%,11.82%,-28.05%,2.37B,0.22,11.97%,1.10%,8.15,-25.07%,43.75,0.52,2.14%,2.35M,-26.47%,6.39,3.57,23.15%,5.75%,22.41 - 38.20,-21.19%,-,-,1.01%,3.75%,-40.27%,1.79,-,0.24,15.17%,33.53%,1.81%,1.30,-,1.19,-40.39%,5.02%,29.12,5.43% 4.96%,4050,1.33,-1.73%,2.33%,1.44,38.57,Yes / Yes,0.48,1793.38%,0.00%,0.76,22.76,-3.46%,178.23%,-11.15%,Jan 23 BMO,288.64K,22.82,-9.77%,-17.13%,-25.82%,,"54,588",0.24%,HZO
RUT,11.59,2.12,25.84%,13.18M,-2.51%,324.72M,8.37,15.75%,-31.35%,9.78M,-7.04%,36.95M,-,0.74,66.02%,1.14%,22.16%,521.73M,0.62,20.95%,10.64%,0.58,49.54%,8.26,2.98,12.95%,0.11M,61.94%,1.53,16.07,-,27.88%,13.00 - 27.83,14.54%,-,12.54,24.36%,23.40%,-11.55%,0.74,-,1.44,6.79%,27.28%,89.35%,0.88,-,1.44,35.92%,8.71%,50.55,3.91% 3.83%,30000,0.87,1.65%,7.08%,2.50,26.00,Yes / Yes,0.45,70.98%,0.00%,0.40,24.37,4.50%,16.83%,6.07%,Feb 06 AMC,192.07K,24.61,-2.79%,4.05%,26.75%,,"18,810",1.01%,IBEX
RUT,14.83,5.83,1.58%,18.67M,2.07%,1.59B,11.90,5.40%,-1.03%,18.15M,-20.75%,110.17M,-,1.73,97.42%,5.76%,-34.18%,2.02B,0.79,-7.57%,1.98%,3.39,-46.84%,52.63,1.64,5.04%,1.04M,-43.39%,1.02,84.64,-,11.60%,75.91 - 179.67,-27.52%,-,10.61,10.18%,7.06%,-51.91%,0.46,0.56 (0.65%),1.10,6.55%,33.88%,13.82%,4.52,"Mar 28, 2025",1.10,33.76%,8.28%,33.01,5.04% 4.95%,9300,0.61,2.88%,5.45%,1.80,108.00,Yes / Yes,0.59,11.59%,9.62%,0.19,87.42,0.42%,0.65%,3.76%,Feb 27 AMC,308.56K,86.40,-6.15%,-20.88%,-38.38%,,"14,543",-1.17%,ICFI
-,10.87,0.30,26.11%,14.41M,-0.31%,46.96M,7.41,-10.20%,0.19%,10.64M,4.49%,-,-,0.11,19.19%,0.07%,1.87%,24.83M,1.89,6.52%,-,0.24,6.89%,5.55,0.59,-,0.01M,-3.22%,-,-,-,-,2.91 - 3.67,7.59%,-,-,-,-,-11.25%,1.32,0.48 (14.69%),-,-,-,12.03%,0.08,"Dec 20, 2024",-,-,-,57.66,3.19% 2.60%,-,-,-,-,-,-,Yes / Yes,-,-,-,1.37,3.28,32.77%,60.00%,16.10%,Nov 13 BMO,30.79K,3.26,1.30%,3.93%,2.37%,,"10,022",-0.61%,ICMB
-,10.88,3.03,71.44%,113.29M,2.90%,3.81B,6.75,13.44%,1.12%,32.97M,0.52%,346.31M,0.37,0.89,17.75%,0.31%,13.53%,2.91B,1.31,71.18%,21.12%,0.62,34.45%,25.65,1.29,1.40%,0.10M,18.04%,-,-,29.14%,12.38%,20.56 - 33.62,12.41%,1.49 (4.50%),3.51,-4.57%,6.22%,-1.90%,0.93,1.00 (3.03%),-,7.51%,-,60.41%,0.76,"Apr 17, 2024",0.39,22.11%,15.01%,61.71,2.80% 2.30%,-,1.24,11.87%,11.91%,1.12,36.49,No / Yes,0.92,74.63%,40.13%,0.47,32.44,9.38%,21.79%,71.52%,Feb 06 BMO,164.73K,32.98,2.83%,6.93%,23.68%,,"19,122",1.66%,IFS
RUT,9.70,1.71,44.53%,201.86M,-5.58%,3.35B,11.80,40.25%,0.00%,112.07M,-0.42%,348.00M,0.68,0.20,47.41%,2.74%,-13.06%,3.35B,1.00,49.46%,1.57%,2.20,-22.41%,8.18,2.03,1.21%,3.07M,-29.69%,3.48,4.76,14.22%,8.08%,16.42 - 24.13,-6.12%,0.80 (4.83%),3.86,-,5.04%,-31.29%,1.63,0.80 (4.83%),2.25,-5.79%,47.50%,0.97%,0.51,"Mar 11, 2025",2.29,123.24%,25.58%,37.87,2.95% 3.06%,11019,3.32,-22.16%,10.38%,1.86,23.40,Yes / Yes,3.18,2759.25%,46.90%,0.48,16.47,-0.61%,22.49%,-42.39%,Feb 25 BMO,1.40M,16.58,-5.86%,-4.45%,-16.12%,,"166,006",0.67%,IGT
-,10.15,6.59,69.61%,509.05M,-2.56%,34.07B,10.90,3.15%,0.00%,154.70M,-5.05%,3.50B,6.23,1.52,26.62%,10.18%,-7.86%,35.65B,0.96,-4.58%,0.12%,29.04,1.81%,32.06,2.09,11.45%,15.75M,1.26%,1.34,50.04,1.63%,21.08%,60.95 - 80.17,8.64%,1.90 (2.84%),11.58,24.83%,18.22%,-16.53%,1.13,1.81 (2.71%),0.96,16.86%,14.45%,9.79%,2.18,"Mar 05, 2025",1.33,4.85%,12.52%,46.99,4.19% 3.32%,5100,0.18,-0.39%,9.81%,2.84,72.55,Yes / Yes,0.18,-5.63%,26.59%,0.46,66.62,-12.55%,13.35%,-6.28%,Jan 31 BMO,542.33K,66.92,-1.71%,-1.48%,-4.69%,,"61,416",0.45%,IMO
-,1.60,1.54,38.58%,30.33M,3.15%,74.78M,1.30,171.43%,0.00%,18.63M,-16.15%,50.16M,-,0.04,18.19%,14.70%,-14.99%,147.48M,0.51,-58.82%,3.87%,10.65,-40.53%,14.34,0.17,12.14%,2.74M,-21.99%,6.82,0.36,-,12.81%,2.23 - 4.59,-18.10%,-,25.09,-,12.05%,-46.29%,1.06,-,7.67,113.25%,34.17%,10.55%,0.13,-,7.92,-95.29%,29.72%,40.44,6.66% 5.31%,-,0.00,-19.73%,34.01%,1.00,5.50,Yes / Yes,0.00,150.33%,0.00%,0.29,2.40,-29.16%,-53.85%,-12.28%,Feb 13 BMO,257.12K,2.47,-2.67%,-13.00%,-29.50%,,"18,452",2.72%,IMPP
RUT,7.39,1.80,7.43%,30.55M,-6.74%,407.06M,5.37,14.62%,0.00%,28.37M,-26.79%,58.82M,0.77,0.41,92.10%,3.14%,-38.00%,569.70M,0.71,0.77%,-0.94%,3.34,-25.35%,4.42,3.01,11.32%,0.89M,-34.61%,4.26,3.12,9.56%,41.43%,12.82 - 23.28,-36.25%,-,17.63,27.98%,18.97%,-42.96%,1.00,-,1.96,16.05%,10.33%,3.59%,0.64,-,1.96,8.56%,1.92%,23.05,4.44% 3.74%,523,1.35,-0.20%,10.32%,2.33,20.75,Yes / Yes,1.30,-0.83%,0.00%,0.50,12.96,-2.49%,-4.97%,-3.51%,Feb 26 BMO,266.95K,13.28,-15.01%,-26.41%,-30.81%,,"32,931",2.47%,IMXI
RUT,9.27,2.89,16.59%,8.64M,-5.15%,233.12M,5.28,23.03%,0.00%,7.23M,-16.52%,25.28M,-,0.76,66.22%,0.40%,-35.02%,339.23M,0.69,64.39%,1.71%,0.88,-19.04%,44.43,0.60,0.46%,0.03M,-14.82%,-,-,-,6.77%,24.18 - 43.26,-25.52%,0.24 (0.90%),12.90,2.79%,3.44%,-38.04%,0.54,0.24 (0.90%),-,17.20%,-,10.86%,1.03,"Dec 31, 2024",0.14,200.97%,8.12%,29.06,3.16% 3.50%,323,1.04,27.55%,7.45%,2.20,40.80,Yes / Yes,0.91,75.54%,8.32%,0.11,26.20,-4.85%,-55.24%,27.19%,Jan 22 AMC,32.59K,26.81,-8.46%,-16.24%,-20.99%,,869,2.31%,INBK
-,13.49,9.70,0.93%,64.50M,-3.37%,8.40B,11.38,3.65%,-16.32%,63.59M,2.30%,647.00M,2.65,2.43,90.95%,2.90%,-9.02%,7.43B,1.13,4.18%,2.40%,3.09,-2.64%,58.98,2.22,8.58%,1.84M,11.00%,15.70,8.34,5.09%,17.62%,109.51 - 155.44,-4.84%,3.34 (2.55%),7.40,9.65%,11.28%,-15.78%,0.72,3.16 (2.41%),1.69,4.12%,26.61%,19.54%,3.03,"Apr 01, 2025",2.62,1.35%,16.08%,48.87,3.12% 2.19%,11200,0.53,-8.95%,8.71%,2.12,151.33,Yes / Yes,0.51,-27.59%,32.53%,0.28,130.55,-3.33%,2.57%,-6.30%,Feb 04 BMO,595.74K,130.90,0.50%,-0.77%,-0.31%,,"41,833",0.27%,INGR
RUT,3.89,8.40,19.44%,49.19M,-5.31%,1.61B,5.61,13.74%,-0.20%,39.63M,-17.51%,416.72M,0.74,0.81,74.12%,7.28%,-7.94%,951.61M,1.69,-33.98%,15.23%,2.69,-28.10%,37.73,0.87,16.16%,2.89M,-28.55%,3.20,10.20,5.29%,23.33%,31.14 - 59.40,-7.50%,4.81 (14.73%),6.02,-,16.65%,-45.01%,0.02,0.45 (1.38%),2.86,41.55%,50.25%,4.87%,1.57,"Mar 14, 2025",2.87,-25.50%,44.69%,38.67,4.47% 4.93%,2824,0.38,-11.21%,43.79%,1.20,55.14,Yes / Yes,0.35,-73.00%,68.79%,0.49,32.40,4.62%,7.35%,-22.38%,Feb 27 BMO,1.07M,32.66,-5.43%,-10.50%,-25.84%,,"129,506",0.80%,INSW
RUT,9.81,1.82,46.07%,69.18M,-4.28%,1.24B,9.94,13.46%,0.01%,37.35M,8.43%,92.58M,-,0.36,55.53%,6.28%,24.27%,633.14M,1.95,19.74%,6.69%,4.90,20.99%,13.85,1.29,8.32%,2.34M,-21.76%,1.06,16.89,-,10.07%,12.54 - 25.19,27.92%,-,15.50,125.44%,9.00%,-29.06%,0.79,-,2.28,12.20%,29.49%,42.50%,0.81,-,3.94,10605.17%,6.85%,54.77,4.24% 4.33%,2683,0.10,49.31%,14.62%,3.00,16.00,Yes / Yes,0.07,774.91%,0.00%,0.22,17.34,8.78%,131.20%,98.42%,Feb 25 AMC,478.43K,17.87,2.01%,7.22%,10.90%,,"26,449",3.06%,INVX
S&P 500,14.40,1.83,0.41%,372.40M,-6.59%,9.81B,9.22,8.18%,-3.26%,371.10M,-1.71%,689.50M,4.40,0.27,100.90%,8.95%,-13.36%,10.69B,0.92,-4.74%,-3.66%,5.56,-14.90%,10.20,2.58,3.67%,33.21M,-19.13%,5.87,4.48,3.27%,17.82%,25.97 - 35.17,-6.06%,1.32 (5.03%),10.74,1.71%,8.87%,-25.16%,1.01,1.32 (5.01%),1.09,1.24%,14.60%,1.38%,0.78,"Mar 03, 2025",1.09,-35.74%,13.38%,40.42,4.36% 2.76%,53300,1.12,-1.81%,6.45%,2.20,33.71,Yes / Yes,1.05,-24.04%,72.31%,2.25,26.09,-3.23%,-5.01%,-5.50%,Feb 12 BMO,5.98M,26.32,-3.28%,-4.81%,-11.09%,,"3,323,896",0.89%,IPG
RUT,8.30,2.04,13.55%,9.83M,-3.31%,166.55M,7.56,30.17%,0.64%,8.50M,-12.27%,20.25M,-,0.35,58.95%,1.38%,-27.56%,157.44M,1.06,-8.82%,3.50%,3.78,-3.86%,24.55,0.69,0.73%,0.12M,6.54%,-,-,-,8.65%,14.60 - 24.81,-22.81%,0.43 (2.54%),10.60,4.16%,6.16%,-31.67%,0.55,0.41 (2.42%),-,10.46%,-,16.10%,0.47,"Dec 31, 2024",0.02,21.85%,15.18%,26.33,2.78% 2.42%,335,0.43,11.56%,12.86%,1.67,22.50,No / Yes,0.36,68.58%,20.12%,0.07,16.88,9.93%,66.67%,5.39%,Jan 23 AMC,30.96K,16.95,-6.41%,-11.08%,-11.06%,,539,0.41%,ISTR
-,7.69,0.77,0.59%,4.82B,4.84%,28.69B,6.89,8.94%,0.00%,4.79B,2.66%,7.64B,0.89,0.19,19.04%,0.73%,10.58%,63.14B,0.45,8.63%,-,1.31,-7.32%,3.50,1.70,1.54%,34.93M,-9.97%,-,-,8.69%,20.84%,4.81 - 6.72,21.43%,0.51 (8.54%),1.49,1.98%,8.79%,-11.42%,0.65,0.27 (4.59%),-,7.84%,-,23.85%,0.13,"Apr 02, 2025",0.70,15.17%,15.38%,64.92,1.72% 1.87%,96705,4.32,-7.01%,12.10%,1.67,7.25,Yes / Yes,1.54,4.86%,21.82%,0.74,5.72,5.03%,1.39%,-16.99%,Feb 05 AMC,26.71M,5.95,4.53%,7.50%,2.13%,,"4,969,423",4.11%,ITUB
RUT,13.22,0.65,0.29%,61.73M,-2.01%,527.49M,3.59,2.53%,0.00%,61.55M,1.85%,34.76M,-,0.58,43.26%,10.83%,-0.64%,450.50M,1.17,-19.28%,13.71%,4.48,-1.67%,9.01,0.95,1.10%,6.67M,-8.51%,3.42,2.50,-9.93%,7.97%,7.47 - 9.97,6.15%,1.60 (18.72%),2.88,-51.53%,4.76%,-14.29%,1.35,1.60 (18.72%),-,-211.85%,97.37%,14.31%,0.18,"Dec 30, 2024",-,181.05%,68.77%,48.29,2.38% 2.13%,-,6.70,137.36%,7.72%,2.60,9.00,Yes / Yes,0.00,-119.57%,247.52%,1.14,8.49,-71.76%,-20.49%,239.49%,Feb 20 AMC,1.49M,8.55,-1.82%,1.53%,-1.61%,,"424,753",0.65%,IVR
S&P 500,12.88,1.18,1.73%,448.00M,-2.50%,6.82B,7.36,11.24%,0.00%,439.86M,-16.63%,538.00M,1.05,0.40,90.24%,2.51%,-17.40%,6.01B,1.14,8.85%,4.32%,2.51,-3.54%,23.55,0.65,2.77%,11.05M,-2.18%,3.34,4.56,12.25%,5.31%,14.16 - 19.55,-12.81%,0.87 (5.68%),5.28,-1.69%,2.44%,-22.05%,1.24,0.82 (5.38%),-,0.07%,63.30%,7.63%,0.58,"Feb 14, 2025",-,258.61%,13.31%,33.36,4.15% 3.25%,8508,0.52,3.97%,8.95%,2.84,19.56,Yes / Yes,0.51,128.05%,69.23%,0.42,14.95,0.60%,10.61%,7.69%,Jan 28 BMO,4.40M,15.24,-8.56%,-12.49%,-10.14%,,"460,912",1.94%,IVZ
-,9.20,2.29,0.02%,1.14B,-0.42%,22.97B,1.74,8.57%,0.00%,1.09B,5.38%,2.64B,0.78,3.82,2.21%,0.07%,-5.19%,19.36B,1.19,16.23%,-,4.14,-11.95%,22.80,0.93,2.40%,0.78M,-1.40%,7.31,2.89,11.87%,10.07%,18.11 - 25.17,-0.59%,4.34 (20.57%),2.83,-2.00%,4.21%,-16.09%,0.79,0.77 (3.65%),-,-2.60%,42.22%,16.59%,0.37,"Sep 30, 2024",-,34.40%,20.51%,55.37,1.57% 1.47%,33807,1.59,0.31%,13.63%,1.89,127.05,No / Yes,1.41,-4.05%,26.94%,0.50,20.91,0.80%,-4.65%,7.47%,Feb 10 AMC,188.61K,21.12,2.32%,1.30%,-4.64%,,"23,396",1.00%,IX
RUT,8.09,3.02,25.97%,11.03M,-4.79%,272.64M,6.23,5.65%,-1.64%,8.25M,-25.88%,35.25M,-,-1.31,52.89%,2.39%,-11.79%,691.04M,0.39,-1.98%,8.39%,1.43,4.98%,21.80,1.12,8.04%,0.20M,-5.89%,6.29,3.89,-,15.57%,17.06 - 35.79,-13.11%,-,9.84,-,12.21%,-31.66%,1.88,0.25 (1.02%),1.44,4.25%,30.77%,43.34%,1.28,"Mar 03, 2025",1.80,-14.25%,5.74%,31.29,5.44% 4.56%,680,0.24,-2.88%,5.10%,1.00,43.00,Yes / Yes,0.20,25.81%,0.00%,0.62,24.45,-0.25%,8.22%,2.63%,Feb 20 AMC,138.09K,24.46,-12.70%,-15.55%,-2.11%,,"21,506",0.04%,JAKK
S&P 500,12.82,10.42,2.90%,111.69M,-4.49%,14.64B,13.24,15.40%,-4.15%,106.36M,-20.83%,1.29B,1.16,1.83,95.50%,2.73%,0.69%,27.49B,0.53,3.05%,-1.38%,2.02,29.22%,14.26,9.37,6.96%,2.90M,-10.65%,19.03,7.03,11.02%,62.69%,95.85 - 174.80,-7.11%,0.33 (0.25%),14.83,43.90%,27.05%,-23.53%,1.14,0.32 (0.24%),0.72,3.29%,9.12%,39.46%,4.69,"Feb 18, 2025",1.06,76.43%,4.80%,30.22,3.17% 2.93%,138000,2.07,-17.83%,4.71%,1.91,175.43,Yes / Yes,2.00,-40.27%,2.87%,0.46,130.51,5.84%,6.55%,-16.61%,Mar 20 BMO,1.44M,133.67,-10.74%,-14.45%,4.05%,,"165,590",2.42%,JBL
-,11.50,3.74,0.21%,1.38B,1.77%,59.60B,8.44,9.40%,0.00%,1.38B,9.49%,5.75B,1.28,0.97,21.80%,2.40%,8.78%,161.01B,0.37,8.58%,-3.37%,2.67,62.05%,21.39,2.01,6.23%,33.22M,57.25%,23.88,1.80,8.96%,17.55%,24.13 - 47.82,24.14%,0.93 (2.16%),-,25.28%,13.36%,-10.00%,0.53,0.76 (1.77%),0.97,15.00%,15.74%,78.37%,1.99,"Apr 08, 2025",1.29,77.60%,3.42%,56.78,3.81% 4.00%,517124,0.38,5.20%,3.57%,1.39,55.14,Yes / Yes,0.31,204.36%,26.23%,1.71,41.24,5.23%,19.60%,13.99%,Mar 06 BMO,12.42M,43.04,4.13%,9.16%,25.88%,,"5,319,400",4.36%,JD
RUT,6.63,2.83,53.10%,15.34M,-12.83%,287.63M,5.13,9.23%,-0.86%,7.19M,-24.94%,42.00M,0.84,0.21,48.12%,5.86%,-31.92%,617.46M,0.47,6.95%,2.08%,4.50,-24.33%,6.73,2.79,9.81%,0.42M,-25.48%,2.53,7.42,7.87%,62.26%,18.04 - 40.61,-32.11%,-,6.07,-6.14%,15.13%,-53.83%,0.37,0.21 (1.12%),0.49,0.57%,66.91%,3.94%,1.00,"Dec 26, 2024",0.97,24.91%,13.15%,21.99,5.29% 4.45%,3091,2.04,2.42%,6.80%,1.67,35.60,No / Yes,1.69,-0.86%,0.00%,0.53,18.19,0.16%,11.80%,0.76%,Mar 19 BMO,93.57K,18.75,-16.57%,-25.34%,-34.90%,,"12,300",3.08%,JILL
-,14.05,1.72,43.38%,165.20M,-0.90%,4.00B,10.45,7.03%,-0.03%,93.46M,-0.29%,294.00M,3.47,-0.12,51.37%,9.30%,5.53%,15.02B,0.27,-0.17%,3.28%,3.28,9.59%,6.90,3.51,3.38%,8.69M,36.12%,6.27,3.86,4.05%,29.58%,16.78 - 24.99,0.33%,0.76 (3.15%),3.93,-11.35%,5.68%,-3.04%,2.28,0.76 (3.14%),0.51,1.77%,37.43%,44.36%,0.10,"Mar 11, 2025",1.19,120.00%,3.63%,46.97,0.36% 0.29%,54000,3.76,2.20%,1.96%,3.14,24.03,Yes / Yes,3.54,19.15%,43.68%,1.14,24.22,0.91%,18.03%,-2.19%,Mar 04 BMO,2.65M,24.23,-0.33%,-0.04%,5.74%,,"753,316",0.04%,JWN
RUT,7.10,11.44,2.12%,73.38M,-3.79%,5.90B,3.55,9.47%,-2.19%,71.11M,-11.32%,902.00M,0.66,5.06,95.42%,4.73%,-9.57%,3.27B,1.81,11.37%,0.82%,4.85,2.00%,125.80,0.65,0.30%,3.36M,31.76%,-,-,10.72%,9.49%,60.54 - 115.22,-6.66%,3.20 (3.94%),1.02,-,7.63%,-29.46%,1.53,2.90 (3.57%),-,24.92%,-,34.26%,3.98,"Mar 11, 2025",-,8.91%,34.33%,40.63,5.00% 4.98%,3970,0.21,3.55%,27.58%,3.20,100.20,Yes / Yes,0.21,122.86%,23.84%,0.71,79.36,-87.58%,-4.76%,-74.78%,Feb 19 AMC,694.04K,81.28,-5.66%,-9.21%,-7.97%,,"122,733",2.42%,JXN
-,5.84,9.36,0.03%,373.60M,0.59%,20.42B,5.07,6.36%,0.00%,373.49M,-4.04%,3.57B,0.53,2.97,5.48%,0.14%,-6.98%,36.27B,0.56,15.21%,0.85%,3.06,-6.93%,96.01,0.57,0.67%,0.51M,0.66%,-,-,10.93%,9.39%,45.59 - 72.89,-3.94%,2.34 (4.29%),3.16,5.44%,4.67%,-25.01%,0.91,1.71 (3.13%),-,6.62%,-,19.89%,1.24,"Sep 27, 2024",0.19,6.28%,16.34%,41.75,1.66% 1.93%,152,2.85,-1.25%,9.86%,1.20,78.78,Yes / Yes,1.13,184.03%,20.76%,0.61,54.02,-4.79%,3.65%,-9.83%,Feb 05 AMC,165.62K,54.66,-1.22%,-6.15%,-10.91%,,"25,206",1.18%,KB
RUT,7.07,8.47,3.83%,72.16M,-6.54%,4.28B,6.77,6.85%,-2.61%,68.71M,-6.42%,650.19M,1.63,1.58,100.10%,6.71%,-22.49%,6.93B,0.62,-2.12%,-0.69%,3.43,-24.93%,56.27,1.06,9.51%,4.61M,-13.73%,8.39,7.13,4.34%,16.52%,59.00 - 89.70,-8.95%,0.96 (1.61%),13.14,24.25%,11.26%,-33.29%,1.61,1.00 (1.67%),0.88,10.06%,21.34%,1.41%,2.01,"Feb 06, 2025",5.83,20.03%,11.34%,38.04,3.44% 3.10%,2384,0.42,8.10%,9.38%,2.75,75.19,Yes / Yes,0.42,36.03%,11.24%,0.43,59.89,0.60%,3.31%,19.47%,Mar 24 AMC,1.34M,59.83,-3.65%,-7.32%,-19.60%,,"145,493",-0.09%,KBH
-,3.86,1.99,0.00%,1.28B,0.00%,9.89B,2.11,5.30%,-,1.28B,8.15%,2.56B,0.21,0.91,1.53%,0.04%,1.99%,68.54B,0.14,80.18%,0.21%,2.38,-5.87%,21.12,0.36,1.45%,0.47M,-16.12%,3.05,2.52,18.41%,9.32%,6.68 - 9.55,11.92%,0.07 (0.89%),7.77,-,2.87%,-19.33%,0.89,-,0.30,6.67%,12.47%,15.27%,0.17,"Dec 30, 2020",0.46,172.50%,8.97%,55.53,1.57% 1.81%,23138,3.42,1.51%,3.74%,1.54,9.52,Yes / Yes,2.29,-22.02%,0.00%,0.25,7.67,1.34%,9.86%,-1.18%,Feb 28 BMO,196.12K,7.70,0.79%,5.07%,1.81%,,"12,038",0.39%,KEP
RUT,14.21,4.65,1.44%,51.57M,0.50%,3.41B,12.44,9.44%,-19.51%,50.84M,-0.42%,243.38M,1.19,1.26,99.54%,2.65%,-8.09%,2.74B,1.25,13.49%,3.50%,3.61,-4.84%,34.76,1.90,6.75%,1.35M,2.59%,15.88,4.16,11.97%,13.92%,59.78 - 80.64,-1.99%,1.54 (2.33%),10.79,12.26%,10.49%,-18.02%,1.40,1.44 (2.18%),1.90,8.68%,21.22%,10.59%,2.03,"Mar 27, 2025",1.90,62.57%,12.50%,49.54,3.78% 2.57%,9076,0.32,-3.27%,8.88%,1.60,81.25,Yes / Yes,0.29,-2.56%,31.59%,1.60,66.46,2.81%,5.41%,-0.05%,Mar 11 BMO,373.91K,66.11,1.12%,-1.97%,-5.35%,,"149,337",-0.53%,KFY
"NDX, S&P 500",13.35,2.26,0.44%,1.20B,-6.03%,36.14B,10.73,4.94%,-1.41%,1.19B,5.66%,2.74B,-,0.61,83.69%,2.97%,-4.27%,25.85B,1.40,-12.27%,-0.00%,3.34,-13.99%,41.16,0.73,3.07%,35.30M,-12.60%,1.14,26.47,-1.19%,5.56%,27.25 - 38.96,-1.53%,1.60 (5.30%),11.44,7.39%,3.98%,-22.38%,0.42,1.60 (5.29%),0.59,0.72%,34.86%,10.97%,0.87,"Mar 07, 2025",1.06,-2.22%,20.97%,47.21,3.89% 3.10%,36000,0.42,-2.98%,10.62%,2.72,30.53,Yes / Yes,0.40,187.31%,70.85%,0.59,30.19,-1.30%,7.62%,-4.14%,Feb 12 BMO,10.58M,30.24,-1.69%,0.97%,-7.51%,,"1,547,793",0.17%,KHC
-,12.63,1.31,22.16%,12.31M,10.79%,204.13M,8.27,11.11%,0.20%,9.61M,-2.94%,15.87M,-,-0.09,30.42%,3.19%,7.48%,131.12M,1.56,24.14%,29.21%,1.01,77.74%,4.85,3.41,6.04%,0.31M,335.00%,-,-,-,36.81%,3.72 - 19.18,8.82%,-,5.49,-,20.69%,-13.82%,0.59,-,-,0.14%,-,344.35%,1.16,"Aug 30, 2022",1.20,217.00%,18.83%,55.00,7.73% 6.63%,84,0.29,6.39%,12.10%,1.00,18.00,Yes / Yes,0.28,268.62%,-,3.96,13.67,0.05%,0.00%,25.54%,Mar 13 AMC,304.15K,16.53,4.61%,3.88%,50.37%,,"301,143",20.92%,KINS
-,13.64,4.91,4.81%,63.84M,0.51%,4.27B,9.98,9.34%,0.00%,60.83M,1.35%,317.80M,2.25,1.49,85.22%,2.11%,0.36%,4.64B,0.92,4.13%,0.93%,3.70,12.89%,43.68,1.53,2.51%,1.28M,15.01%,-,-,6.06%,12.01%,54.11 - 73.01,0.69%,1.26 (1.88%),12.97,-9.21%,8.44%,-8.37%,1.03,1.25 (1.87%),-,-1.34%,-,23.64%,1.68,"Feb 18, 2025",0.38,216.51%,11.20%,53.10,2.84% 2.44%,7400,0.52,-6.08%,6.84%,1.57,84.40,Yes / Yes,0.35,89.30%,25.27%,0.63,66.37,2.61%,32.42%,0.03%,Feb 05 AMC,346.78K,66.90,1.38%,1.23%,5.02%,,"54,411",0.80%,KMPR
RUT,11.96,2.42,5.18%,20.28M,-3.05%,593.27M,6.17,7.19%,-2.99%,19.42M,-3.34%,52.40M,-,0.62,92.35%,3.19%,-17.42%,2.09B,0.28,6.57%,1.29%,3.97,-19.38%,24.10,1.20,2.81%,0.62M,-45.46%,2.14,13.51,-,10.61%,27.00 - 56.96,-10.62%,-,14.13,-4.88%,3.54%,-49.15%,1.48,0.29 (1.00%),0.85,5.28%,17.34%,7.26%,1.14,"Mar 07, 2025",2.09,-41.29%,8.77%,44.35,3.72% 4.17%,2082,2.09,-2.88%,2.50%,1.00,56.33,Yes / Yes,2.03,-184.60%,11.38%,0.37,28.38,-4.02%,-15.38%,-7.05%,Feb 27 BMO,155.94K,28.96,-2.80%,-4.60%,-18.37%,,"14,407",2.04%,KOP
RUT,5.69,0.39,4.23%,471.90M,2.51%,1.07B,6.06,332.78%,-4.22%,457.69M,-28.27%,189.85M,15.38,-0.08,94.84%,10.72%,-39.32%,1.68B,0.64,-79.63%,-3.19%,4.89,-41.99%,2.54,0.88,3.71%,49.08M,-58.81%,0.18,12.63,0.37%,17.01%,2.07 - 6.58,-34.36%,-,-,-,4.80%,-65.88%,1.96,-,0.46,12.40%,34.10%,8.45%,0.18,"Mar 04, 2020",0.75,-13.08%,28.03%,34.74,6.53% 7.12%,243,2.30,-2.25%,11.30%,2.00,5.60,Yes / Yes,2.30,-130.96%,0.00%,0.42,2.16,0.27%,-597.67%,-22.75%,Feb 24 BMO,10.04M,2.24,-14.84%,-27.75%,-46.29%,,"1,046,949",3.94%,KOS
RUT,10.65,0.75,81.27%,115.00M,1.53%,917.99M,6.43,38.45%,0.02%,21.54M,-13.73%,86.20M,0.46,0.17,15.68%,3.29%,-23.71%,1.89B,0.49,19.48%,2.16%,4.06,-25.00%,7.10,1.12,4.60%,0.71M,-29.44%,0.96,8.35,23.29%,10.61%,7.17 - 14.50,-18.15%,0.20 (2.51%),27.24,-0.07%,6.82%,-44.97%,1.16,0.34 (4.26%),0.94,2.42%,20.10%,11.30%,0.36,"Mar 11, 2025",2.32,275.71%,7.49%,38.75,6.30% 3.61%,2524,0.65,13.24%,4.57%,1.00,9.00,Yes / Yes,0.55,-149.02%,64.03%,0.90,7.64,-8.81%,-209.09%,5.75%,Mar 06 AMC,174.67K,7.98,-5.40%,-12.05%,-27.94%,,"39,106",4.45%,KRO
-,8.20,0.97,2.75%,111.32M,-34.70%,887.59M,14.27,14.23%,-0.66%,108.25M,-31.38%,109.00M,-,-0.52,106.09%,50.28%,-47.61%,16.22B,0.05,-67.39%,-16.28%,5.85,-58.21%,34.27,0.23,0.79%,54.43M,-68.56%,1.20,6.62,-,2.83%,8.14 - 29.60,-43.21%,0.83 (10.39%),3.23,-25.86%,1.08%,-73.06%,1.68,2.00 (25.08%),0.14,-3.16%,35.86%,-2.05%,0.69,"Mar 21, 2025",1.08,-65.92%,3.14%,20.12,10.67% 5.32%,96000,1.88,-7.18%,0.67%,3.71,8.62,Yes / Yes,1.67,-74.34%,204.08%,2.37,8.21,-0.13%,30.53%,-9.39%,Mar 11 BMO,9.30M,7.97,-28.09%,-35.21%,-54.93%,,"5,494,877",-2.88%,KSS
RUT,13.81,4.37,1.93%,55.31M,-0.31%,3.34B,11.12,7.25%,-14.04%,54.26M,-25.12%,245.80M,2.43,1.16,94.88%,4.94%,-31.83%,2.61B,1.28,3.39%,0.71%,4.08,-16.18%,7.23,8.33,14.92%,2.68M,-0.12%,6.04,9.98,5.69%,63.68%,52.95 - 96.80,-29.42%,2.12 (3.52%),9.54,20.90%,21.00%,-37.73%,0.99,2.04 (3.38%),1.71,1.15%,44.51%,13.84%,3.07,"Mar 10, 2025",2.70,7.19%,13.57%,25.68,4.26% 4.78%,13200,1.98,0.07%,9.42%,2.40,82.00,Yes / Yes,1.93,-5.40%,46.28%,0.67,59.51,0.18%,2.73%,4.48%,Feb 25 BMO,657.41K,60.28,-14.31%,-25.21%,-22.77%,,"110,616",1.29%,KTB
-,9.82,29.70,2.48%,26.40M,-4.39%,7.66B,7.07,17.26%,-8.38%,25.64M,-24.41%,802.10M,0.54,7.61,105.46%,6.85%,-22.56%,36.24B,0.21,17.38%,-8.17%,4.77,11.40%,252.10,1.16,3.69%,1.76M,1.94%,15.30,19.06,18.18%,12.47%,243.00 - 405.67,-18.43%,2.16 (0.74%),-,20.60%,5.20%,-28.13%,1.61,2.12 (0.73%),0.28,25.54%,14.67%,19.99%,11.43,"Mar 07, 2025",1.19,-18.09%,4.36%,26.53,4.65% 3.42%,30000,2.10,16.75%,2.21%,1.59,439.00,Yes / Yes,1.32,5.07%,7.06%,0.81,285.59,1.60%,8.72%,20.17%,Feb 12 BMO,367.90K,291.57,-11.60%,-16.41%,-7.94%,,"74,384",2.09%,LAD
RUT,9.68,1.94,15.84%,150.79M,-3.19%,2.83B,11.22,13.18%,-0.19%,126.90M,-5.34%,296.47M,-,-0.19,85.87%,1.94%,0.43%,1.57B,1.81,9.63%,-0.29%,3.49,27.63%,6.36,2.95,14.84%,2.46M,38.34%,0.65,28.97,-,30.98%,13.26 - 21.73,2.79%,1.13 (6.01%),17.62,24.18%,22.85%,-13.48%,0.48,-,0.62,5.99%,26.79%,41.78%,0.52,"Nov 14, 2023",0.62,185.01%,23.87%,41.64,2.90% 3.04%,31800,0.45,5.55%,18.92%,1.67,22.83,Yes / Yes,0.35,133.38%,0.00%,0.26,18.49,2.89%,21.86%,3.41%,Feb 20 BMO,704.62K,18.80,-4.07%,-1.96%,11.25%,,"46,059",1.68%,LAUR
RUT,7.75,1.86,3.62%,161.86M,-4.71%,2.35B,12.50,103.80%,-4.70%,156.45M,-15.67%,316.01M,-,0.06,102.58%,7.95%,-21.78%,4.32B,0.54,-69.65%,-6.87%,3.85,-23.23%,12.23,1.18,9.98%,12.43M,-32.45%,0.12,117.45,-4.92%,16.54%,13.85 - 24.75,-27.33%,0.32 (2.18%),13.16,28.74%,13.07%,-41.60%,1.24,0.30 (2.08%),0.97,35.52%,14.13%,4.33%,0.75,"Mar 06, 2025",1.27,-40.79%,8.90%,28.29,4.49% 4.46%,5700,0.27,-9.11%,7.32%,2.00,21.04,Yes / Yes,0.22,-41.98%,15.55%,0.50,14.13,-3.94%,208.46%,-12.22%,Jan 29 AMC,3.23M,14.45,-11.31%,-22.28%,-26.26%,,"403,707",2.30%,LBRT
S&P 500,14.59,9.24,1.37%,131.16M,-3.22%,17.28B,11.52,9.05%,-0.37%,126.46M,-1.53%,1.25B,1.99,2.50,79.47%,4.63%,-15.86%,16.66B,1.04,5.05%,-1.64%,3.82,-11.60%,33.64,4.01,9.72%,5.86M,5.91%,8.45,15.94,7.32%,29.12%,123.22 - 202.90,-6.46%,1.62 (1.20%),13.90,14.92%,13.80%,-33.59%,0.67,1.54 (1.14%),1.10,8.50%,16.79%,9.36%,4.57,"Mar 14, 2025",1.19,541.97%,10.89%,48.60,4.06% 3.47%,48000,1.23,7.93%,7.53%,2.00,172.57,Yes / Yes,1.06,27.72%,16.70%,0.34,132.86,5.62%,4.46%,9.67%,Feb 11 BMO,1.53M,134.76,2.08%,-4.06%,-11.81%,,"131,007",1.43%,LDOS
-,10.62,8.94,0.43%,53.58M,-3.87%,5.10B,6.26,20.13%,0.95%,53.41M,-1.38%,506.60M,0.81,2.65,105.23%,3.78%,-7.42%,23.30B,0.22,0.10%,-0.82%,2.72,-8.14%,83.09,1.14,3.53%,2.02M,-32.79%,19.77,4.81,13.05%,10.81%,86.28 - 147.11,0.33%,3.12 (3.28%),9.08,-6.79%,6.52%,-35.42%,1.30,3.08 (3.24%),1.02,3.82%,6.99%,10.12%,3.14,"Mar 06, 2025",1.32,-7.27%,4.06%,48.90,4.07% 3.05%,173700,0.79,-0.70%,2.17%,2.00,119.33,Yes / Yes,0.74,-26.12%,34.34%,0.41,93.50,3.33%,14.06%,-2.16%,Feb 06 BMO,741.29K,95.01,-0.83%,-0.09%,-9.77%,,"75,162",1.61%,LEA
S&P 500,8.15,14.35,13.36%,236.17M,-6.61%,30.72B,8.00,21.29%,-0.05%,229.04M,-3.86%,3.89B,1.88,1.71,84.86%,3.92%,-24.75%,35.48B,0.87,-12.33%,1.73%,2.61,-31.72%,103.90,1.13,9.67%,8.97M,-26.70%,18.95,6.17,4.34%,14.30%,115.61 - 186.23,-10.78%,1.98 (1.70%),12.47,20.04%,13.03%,-37.22%,1.51,1.94 (1.66%),0.85,10.23%,22.59%,1.12%,3.78,"Jan 29, 2025",3.44,4.22%,13.54%,38.49,3.61% 2.97%,13265,0.16,3.47%,10.98%,2.45,146.10,Yes / Yes,0.07,-15.65%,13.97%,1.05,116.33,-1.12%,-2.01%,-9.22%,Mar 20 AMC,3.44M,116.91,-3.58%,-7.51%,-23.48%,,"900,408",0.50%,LEN
-,7.88,0.35,36.60%,52.29M,-0.63%,142.90M,6.90,-8.76%,0.00%,33.15M,1.97%,18.13M,0.31,0.09,22.86%,0.14%,7.04%,128.39M,1.11,66.92%,-1.36%,0.39,13.49%,3.55,0.77,1.69%,0.05M,22.86%,1.24,2.20,25.18%,9.46%,2.09 - 2.80,5.92%,0.33 (12.00%),4.76,-,1.46%,-2.40%,0.86,0.30 (11.07%),-,35.45%,93.45%,30.83%,0.06,"Dec 31, 2024",-,50.74%,85.69%,54.68,2.82% 2.15%,600,4.12,33.30%,14.12%,2.60,3.00,No / Yes,4.12,-1.61%,90.69%,0.59,2.71,1.78%,19.05%,-6.88%,Nov 12 AMC,116.85K,2.73,0.19%,2.96%,9.15%,,"16,972",0.84%,LFT
-,12.91,0.52,32.02%,12.37M,-4.90%,83.00M,10.90,6.03%,1.16%,8.42M,-23.90%,6.25M,0.80,0.15,19.81%,0.50%,-15.67%,52.72M,1.57,9.43%,14.68%,0.47,-,2.94,2.28,13.32%,0.04M,-,1.36,4.92,16.13%,23.05%,3.60 - 10.37,-19.42%,-,40.29,-,12.71%,-35.35%,-,-,2.46,32.57%,55.31%,86.23%,0.51,-,2.46,57.78%,14.28%,38.61,6.39% 7.51%,266,0.45,32.68%,11.85%,1.00,10.65,No / Yes,0.35,-8.11%,0.00%,0.09,6.46,5.28%,-9.09%,29.23%,Feb 13 AMC,88.88K,6.70,-7.86%,-16.39%,-6.35%,,"2,014",3.78%,LGCY
RUT,8.50,8.31,12.49%,23.40M,-5.94%,1.65B,7.08,23.06%,-0.16%,20.47M,-14.91%,196.07M,-,0.69,85.94%,11.89%,-33.05%,2.20B,0.75,-2.33%,-1.00%,9.50,-32.33%,87.07,0.81,5.47%,2.43M,-37.31%,2.27,31.06,-,10.07%,68.66 - 125.83,-21.00%,-,-,3.41%,5.57%,-43.87%,1.94,-,0.35,5.78%,24.21%,2.87%,3.29,-,14.68,-1.56%,9.63%,32.60,4.09% 4.30%,1170,0.73,-6.61%,8.90%,2.86,106.67,Yes / Yes,0.73,-1.86%,0.00%,1.49,70.62,-5.29%,-1.23%,-8.39%,Feb 25 BMO,256.36K,70.63,-6.64%,-15.08%,-28.22%,,"95,698",0.01%,LGIH
-,1.92,18.38,1.22%,170.38M,-0.98%,6.01B,4.17,9.96%,-0.91%,168.32M,-9.45%,3.19B,0.22,1.64,74.41%,2.31%,7.24%,20.75B,0.29,8.75%,1.13%,2.42,22.78%,42.75,0.82,0.92%,3.89M,31.68%,-,-,8.86%,43.24%,25.80 - 39.85,11.16%,1.82 (5.15%),-,33.25%,22.47%,-11.54%,1.56,1.80 (5.11%),-,6.41%,-,36.63%,1.28,"Apr 10, 2025",-,479.67%,18.31%,45.58,3.63% 3.29%,9783,0.76,47.95%,15.36%,3.06,39.33,Yes / Yes,0.72,231.07%,9.78%,0.52,34.46,-1.05%,8.78%,2908.02%,Feb 06 BMO,1.61M,35.25,-4.47%,0.40%,7.05%,,"208,248",2.29%,LNC
RUT,9.77,0.71,36.17%,37.37M,-0.58%,257.86M,7.31,11.86%,-0.15%,23.85M,-6.88%,26.21M,-,0.20,31.98%,1.54%,-11.76%,167.59M,1.54,15.53%,7.72%,6.68,13.86%,7.50,0.92,0.94%,0.37M,-1.57%,-,-,-,9.61%,5.86 - 7.98,-7.75%,0.30 (4.35%),17.99,-1.05%,6.58%,-13.53%,-,0.30 (4.35%),-,86.06%,-,17.75%,0.24,"Feb 28, 2025",0.20,238.16%,21.29%,41.49,3.49% 3.19%,342,0.46,152.82%,15.64%,2.33,8.33,No / Yes,0.42,135.69%,42.47%,0.81,6.69,-0.24%,12.48%,76.70%,Jan 27 AMC,54.86K,6.90,-4.77%,-4.97%,0.45%,,"11,057",3.14%,LNKB
RUT,11.66,0.85,14.63%,29.84M,-6.12%,296.88M,10.03,9.96%,0.00%,25.42M,-18.74%,25.68M,-,0.19,86.53%,8.59%,-19.40%,473.01M,0.63,1.57%,3.12%,9.60,-24.75%,8.74,1.14,3.92%,2.18M,15.66%,0.08,119.71,-,10.05%,8.17 - 14.25,-13.60%,-,10.72,5.16%,5.10%,-30.04%,1.37,-,0.24,1.41%,18.56%,22.03%,0.46,"Oct 21, 2022",0.26,15.12%,8.97%,28.07,6.47% 4.30%,4143,1.01,0.93%,5.43%,2.20,15.33,Yes / Yes,0.93,48.71%,0.00%,0.93,9.88,0.97%,49.14%,1.81%,Mar 06 AMC,227.43K,9.97,-10.46%,-13.29%,-17.58%,,"52,642",0.91%,LOCO
-,8.87,1.19,-,119.20M,-2.88%,1.26B,8.63,22.50%,-,119.18M,-8.12%,138.99M,-,-,17.71%,0.81%,-12.02%,657.72M,1.91,303.78%,9.20%,2.04,42.21%,6.32,1.67,12.82%,0.97M,58.18%,0.07,151.75,-,24.53%,5.70 - 13.79,-11.51%,0.51 (4.83%),-,9.67%,16.56%,-23.38%,1.01,-,0.27,3.36%,26.35%,85.38%,0.55,"Jun 30, 2023",1.02,242.59%,15.31%,43.54,5.03% 4.95%,2885,0.22,-42.74%,21.13%,2.33,12.27,Yes / Yes,0.09,205.43%,0.00%,0.68,10.29,-1.42%,-,-63.91%,Mar 06 AMC,475.22K,10.57,-3.61%,-8.22%,14.50%,,"80,744",2.68%,LOMA
-,9.80,3.24,13.83%,302.22M,-1.95%,9.59B,7.73,7.77%,0.00%,260.42M,-1.00%,976.97M,0.58,0.80,8.16%,0.14%,11.21%,12.83B,0.75,18.00%,0.00%,1.18,31.59%,2.40,13.20,6.53%,0.37M,-97.31%,6.53,4.86,16.82%,166.51%,21.83 - 1200.00,15.08%,0.90 (2.85%),8.20,-37.79%,13.50%,-97.36%,3.29,0.59 (1.86%),0.54,17.94%,24.89%,45.40%,0.69,"May 09, 2019",0.61,68.75%,12.29%,52.30,1.98% 2.02%,38664,9.89,10.24%,7.61%,1.18,40.39,No / Yes,9.01,221.43%,0.00%,0.99,31.86,-0.21%,6.09%,3.92%,Jan 31 BMO,311.28K,31.74,-1.31%,5.28%,-85.06%,,"76,724",-0.38%,LTM
RUT,13.26,2.92,1.31%,41.41M,-7.15%,1.60B,11.82,11.09%,0.00%,40.75M,-13.40%,123.93M,2.07,0.93,98.03%,5.50%,-14.36%,2.09B,0.76,-1.12%,-1.49%,4.94,-2.59%,24.66,1.57,6.39%,2.24M,6.47%,7.68,5.04,6.40%,12.40%,32.00 - 48.31,-11.20%,-,14.39,14.43%,8.67%,-19.90%,1.33,0.84 (2.17%),1.21,4.42%,43.95%,20.91%,1.38,"Mar 04, 2025",1.85,8.09%,7.81%,28.90,3.53% 3.42%,10200,0.48,1.81%,5.92%,3.00,46.00,Yes / Yes,0.40,1.84%,26.93%,0.67,38.33,1.03%,1.99%,4.27%,Feb 18 AMC,453.78K,38.69,-10.36%,-12.68%,-7.31%,,"75,395",0.94%,LZB
-,6.34,2.06,0.75%,277.70M,-6.97%,3.63B,6.21,0.28%,0.00%,275.62M,-11.50%,582.00M,-,0.14,82.66%,6.12%,-21.77%,23.01B,0.16,-20.43%,8.80%,2.37,-10.53%,16.39,0.80,3.44%,16.86M,-37.30%,4.70,2.78,-7.62%,13.40%,12.60 - 22.10,-22.74%,0.72 (5.49%),4.78,2.71%,5.68%,-40.81%,1.69,0.69 (5.31%),0.44,0.40%,40.28%,3.81%,0.59,"Mar 14, 2025",1.43,442.87%,4.07%,35.50,4.36% 4.19%,85581,1.25,-3.60%,2.53%,2.77,14.00,Yes / Yes,1.25,568.63%,32.36%,1.31,13.64,-0.17%,17.08%,-4.39%,Mar 06 BMO,7.13M,13.08,-8.29%,-11.70%,-18.68%,,"2,329,772",-4.11%,M
-,12.36,1.59,0.91%,330.00M,-6.21%,6.50B,10.77,7.58%,0.00%,327.19M,-9.32%,541.86M,1.83,-0.09,100.20%,4.93%,3.49%,5.38B,1.21,4.92%,1.83%,4.50,8.04%,6.86,2.87,8.35%,16.13M,-2.84%,4.20,4.69,6.74%,24.55%,15.87 - 22.07,11.08%,-,10.88,-,11.11%,-10.74%,0.51,-,2.00,3.87%,49.92%,24.10%,0.56,"Aug 21, 2017",2.38,163.15%,13.42%,38.56,3.12% 2.44%,34000,1.19,-1.13%,10.07%,1.62,25.64,Yes / Yes,1.15,0.50%,0.00%,0.66,19.66,1.15%,72.84%,1.59%,Feb 04 AMC,3.58M,19.69,-6.23%,-0.52%,4.80%,,"587,045",0.18%,MAT
RUT,9.17,14.04,2.36%,33.00M,-3.51%,4.23B,12.56,-14.11%,-5.55%,32.09M,-8.94%,476.40M,-,2.17,86.51%,3.65%,-12.05%,3.42B,1.24,-14.36%,1.41%,4.07,1.00%,80.36,1.60,10.42%,1.17M,17.81%,8.12,15.86,-,18.86%,100.50 - 169.12,-4.52%,-,9.24,48.79%,14.74%,-23.87%,1.11,1.34 (1.04%),1.09,13.07%,25.01%,28.11%,4.27,"Feb 06, 2025",1.09,68.82%,16.14%,35.78,2.87% 3.26%,4356,0.28,10.57%,13.92%,2.50,167.50,Yes / Yes,0.22,113.65%,9.48%,0.25,129.44,4.52%,12.32%,12.85%,Feb 25 AMC,287.72K,128.75,-6.99%,-7.13%,-6.01%,,"18,036",-0.54%,MATX
RUT,13.85,0.96,1.73%,127.60M,-3.16%,1.70B,8.14,12.58%,1.02%,125.45M,-19.61%,125.90M,1.61,0.23,90.51%,2.93%,-18.68%,2.70B,0.63,6.26%,-0.48%,3.10,-16.12%,10.15,1.32,4.74%,3.68M,-25.36%,0.94,14.13,8.59%,10.12%,12.68 - 20.67,-8.66%,-,8.07,4.10%,5.34%,-35.44%,1.65,-,0.95,3.20%,31.84%,5.24%,0.60,"May 23, 2013",1.65,-30.42%,9.50%,34.83,3.90% 4.70%,13000,0.84,-0.95%,4.66%,1.00,19.00,Yes / Yes,0.82,-61.60%,0.00%,0.32,13.00,-6.97%,-47.01%,-1.39%,Feb 18 AMC,1.19M,13.35,-5.70%,-14.24%,-18.01%,,"95,647",2.65%,MBC
RUT,5.88,6.31,56.18%,45.77M,-4.04%,1.70B,6.26,8.14%,0.23%,20.09M,-12.27%,283.65M,-,1.22,90.66%,3.63%,-4.26%,1.46B,1.17,-12.91%,476.41%,4.47,-12.35%,34.33,1.08,1.79%,0.73M,-13.76%,-,-,-2.72%,16.25%,34.16 - 53.27,1.78%,0.40 (1.08%),10.49,31.88%,12.14%,-30.32%,1.16,0.36 (0.97%),-,43.87%,-,8.67%,1.21,"Mar 14, 2025",0.08,11.97%,28.99%,35.03,3.38% 2.91%,663,1.96,23.69%,19.45%,2.00,51.50,Yes / Yes,0.04,16.74%,5.71%,0.18,36.63,22.02%,45.29%,9.84%,Jan 28 AMC,162.96K,37.12,-7.07%,-6.39%,-10.44%,,"7,443",1.33%,MBIN
RUT,9.02,4.93,5.15%,16.15M,-2.38%,722.06M,8.99,2.44%,-2.73%,15.40M,-9.56%,79.59M,-,1.19,62.23%,0.42%,-11.43%,361.89M,2.00,-2.03%,3.03%,0.88,4.14%,36.20,1.23,1.39%,0.06M,21.85%,-,-,-,14.38%,33.46 - 52.98,-0.01%,1.49 (3.34%),7.80,10.36%,7.70%,-16.03%,0.88,1.44 (3.24%),-,15.18%,-,32.96%,1.49,"Mar 07, 2025",0.16,-3.88%,27.16%,38.21,2.86% 2.92%,648,1.12,19.24%,21.99%,2.20,53.00,Yes / Yes,0.77,-2.61%,28.78%,0.38,43.67,2.04%,6.64%,12.86%,Jan 21 BMO,73.98K,44.49,-4.57%,-4.82%,-0.65%,,"7,054",1.87%,MBWM
RUT,9.09,5.92,15.41%,11.20M,-3.84%,604.36M,6.10,21.93%,-0.69%,9.50M,-13.68%,66.69M,-,1.53,73.35%,5.85%,-17.80%,492.21M,1.23,22.03%,2.73%,6.52,8.88%,65.18,0.83,0.93%,0.56M,38.48%,-,-,-,9.60%,32.46 - 69.56,-7.81%,-,4.14,10.73%,8.29%,-22.60%,0.98,-,-,29.08%,-,65.87%,2.28,-,0.00,-14.18%,19.72%,33.64,4.02% 3.91%,291,0.73,22.03%,13.55%,1.00,79.83,Yes / Yes,0.10,47.55%,0.00%,1.06,53.00,5.30%,26.11%,11.16%,Jan 23 AMC,85.21K,53.84,-7.07%,-10.47%,-0.99%,,"22,592",1.58%,MCB
RUT,6.63,8.45,52.03%,55.39M,4.13%,3.10B,9.53,304.70%,-0.00%,26.57M,2.30%,467.95M,-,-3.25,43.70%,8.88%,-22.25%,5.48B,0.57,-79.80%,1.14%,2.91,-3.36%,35.14,1.59,6.02%,2.36M,18.80%,-,-,-,26.78%,44.19 - 80.72,-15.76%,1.27 (2.27%),3.13,7.88%,18.50%,-30.62%,0.82,1.27 (2.27%),-,7.47%,-,26.72%,2.23,"Mar 13, 2025",0.66,385.75%,11.06%,58.67,3.90% 4.60%,4200,0.30,18.27%,8.55%,2.00,80.00,Yes / Yes,0.30,-47.21%,15.03%,0.39,55.48,6.48%,148.46%,-0.62%,Feb 11 AMC,812.37K,56.00,3.78%,4.58%,-7.76%,,"78,982",0.94%,MCY
RUT,11.47,1.24,23.56%,20.42M,-1.36%,289.24M,10.12,125.45%,0.23%,15.61M,-8.20%,25.97M,0.30,0.02,62.31%,1.72%,-16.28%,581.60M,0.50,0.13%,6.78%,2.62,-24.21%,12.33,1.15,5.29%,0.27M,7.07%,0.01,1377.35,37.63%,10.78%,12.47 - 23.02,-9.89%,-,3.72,-,7.24%,-38.47%,0.86,-,0.83,4.50%,11.03%,13.64%,0.65,-,1.75,227.49%,3.36%,40.17,5.35% 4.64%,2200,0.45,-1.16%,4.46%,1.67,19.00,Yes / Yes,0.42,603.81%,0.00%,0.18,14.06,-2.27%,13.15%,-18.36%,Mar 04 AMC,102.28K,14.16,-3.72%,-7.29%,-18.88%,,"4,685",0.75%,MEC
S&P 500,13.30,5.96,16.29%,689.21M,-3.60%,54.01B,7.54,11.84%,-0.04%,570.28M,-4.16%,4.23B,1.03,2.08,75.42%,1.29%,-3.00%,70.99B,0.76,15.41%,-1.16%,2.10,6.08%,39.82,1.99,0.65%,7.36M,10.59%,-,-,12.90%,15.41%,67.30 - 89.05,-3.17%,2.26 (2.86%),3.57,-0.38%,9.15%,-10.97%,0.89,2.18 (2.75%),-,0.45%,-,17.81%,2.04,"Feb 04, 2025",3.96,225.22%,9.38%,41.33,2.47% 2.25%,45000,0.70,6.10%,5.95%,1.80,97.64,Yes / Yes,0.68,129.93%,36.26%,0.58,77.70,-4.30%,-0.96%,-1.90%,Feb 05 AMC,3.50M,79.29,-3.06%,-4.81%,0.31%,,"503,387",2.04%,MET
RUT,13.96,0.69,48.88%,43.80M,13.70%,499.80M,5.81,210.63%,0.00%,26.96M,-4.92%,37.37M,0.11,-0.17,37.69%,14.85%,-23.34%,698.13M,0.72,384.85%,0.42%,6.77,2.32%,6.89,1.40,5.78%,4.00M,-43.42%,0.46,21.12,126.01%,10.46%,8.17 - 16.79,-4.74%,0.55 (5.71%),7.98,6.46%,8.39%,-42.64%,1.05,0.27 (2.78%),0.86,40.84%,13.86%,17.87%,0.85,"Feb 28, 2025",1.35,-52.26%,6.81%,51.18,16.66% 8.42%,811,0.25,11.52%,5.35%,1.00,16.67,Yes / Yes,0.23,-101.22%,58.70%,1.29,9.62,-12.99%,315.83%,-10.46%,Mar 10 AMC,591.42K,9.63,3.10%,1.04%,-14.04%,,"190,121",0.10%,METC
RUT,13.30,0.81,1.07%,102.08M,-1.10%,1.11B,7.04,5.32%,0.00%,101.43M,2.37%,85.92M,-,0.36,65.74%,2.17%,-0.92%,846.03M,1.31,-7.25%,-1.01%,1.95,-13.11%,18.04,0.60,1.07%,2.20M,-5.26%,5.87,1.84,-1.77%,6.35%,9.36 - 13.45,5.99%,1.41 (13.04%),5.53,-23.75%,0.78%,-19.70%,1.65,1.40 (12.96%),-,55.20%,95.45%,15.38%,0.25,"Mar 31, 2025",-,79.07%,75.26%,57.55,2.70% 2.46%,348,4.99,26.34%,10.16%,2.00,11.79,Yes / Yes,4.99,-103.09%,171.25%,0.33,10.63,-42.93%,-1.27%,93.32%,Feb 19 BMO,1.13M,10.80,2.19%,3.97%,-3.81%,,"92,720",1.60%,MFA
-,13.98,2.08,0.14%,1.73B,-0.79%,50.02B,9.09,9.89%,0.00%,1.72B,-1.93%,3.70B,1.64,0.71,51.51%,0.65%,-7.67%,39.34B,1.27,6.51%,-1.91%,4.94,4.95%,17.82,1.63,0.58%,11.18M,21.41%,-,-,8.50%,11.03%,22.61 - 33.07,-5.47%,1.23 (4.25%),2.64,-0.08%,8.16%,-12.22%,0.92,1.18 (4.06%),-,-1.03%,-,28.39%,0.82,"Mar 05, 2025",196.35,7.53%,17.35%,44.68,2.57% 2.69%,37000,0.28,6.16%,9.40%,1.82,35.36,Yes / Yes,0.28,-0.65%,56.10%,0.41,28.41,-31.35%,10.29%,-14.07%,Feb 19 AMC,2.26M,29.03,-2.82%,-3.52%,0.61%,,"234,115",2.18%,MFC
-,12.42,0.46,0.01%,12.60B,0.79%,72.37B,11.20,10.39%,0.00%,12.60B,5.61%,5.86B,0.69,0.04,1.28%,0.01%,13.99%,59.57B,1.21,34.68%,0.07%,0.96,43.62%,5.31,1.08,0.31%,1.27M,42.91%,-,-,18.00%,8.56%,3.45 - 5.91,17.48%,0.17 (3.01%),-,40.08%,3.04%,-2.82%,0.34,0.16 (2.73%),-,13.29%,-,66.52%,0.13,"Sep 30, 2024",1.99,27.77%,10.90%,57.85,1.67% 1.57%,52307,5.88,13.63%,9.83%,1.75,5.96,Yes / Yes,1.89,24.07%,27.55%,0.70,5.61,5.44%,51.59%,15.74%,Feb 03 AMC,1.32M,5.74,1.31%,6.11%,24.76%,,"229,037",2.41%,MFG
RUT,5.79,1.52,26.40%,23.14M,0.63%,203.71M,4.89,17.65%,0.00%,16.03M,6.34%,35.90M,-,0.32,33.50%,5.63%,-12.56%,302.60M,0.67,-35.90%,2.61%,19.03,17.09%,16.63,0.53,1.30%,0.90M,11.88%,7.33,1.20,-,10.10%,6.48 - 10.50,-6.23%,-,-,87.40%,4.80%,-16.14%,1.55,0.41 (4.66%),2.30,14.60%,74.70%,35.88%,0.39,"Mar 17, 2025",31.70,-,50.90%,54.30,6.64% 4.70%,-,6.42,-,11.90%,3.00,11.00,Yes / Yes,6.29,-28.30%,25.80%,0.30,8.80,-2.05%,16.22%,12.90%,Mar 04 AMC,47.43K,8.81,4.35%,-0.42%,2.42%,,"3,499",0.06%,MFIN
-,10.40,3.52,6.62%,282.88M,-3.87%,10.30B,5.84,25.42%,0.00%,263.05M,-6.38%,1.01B,1.23,0.89,71.63%,3.59%,-20.04%,42.84B,0.24,-7.74%,-0.15%,5.46,-6.95%,40.73,0.90,3.19%,9.46M,-31.81%,4.43,8.26,8.42%,8.62%,33.30 - 56.12,-12.54%,1.91 (5.23%),7.22,-8.91%,5.83%,-34.87%,1.49,1.91 (5.23%),0.74,2.26%,9.75%,9.76%,1.39,"Feb 28, 2025",1.08,-17.04%,4.94%,44.46,3.99% 3.58%,170000,0.61,0.09%,2.36%,2.48,45.33,Yes / Yes,0.50,-24.92%,54.14%,0.55,35.48,3.10%,11.18%,1.66%,Feb 14 BMO,1.73M,36.55,-1.80%,-6.27%,-12.19%,,"237,334",3.02%,MGA
S&P 500,13.14,2.39,23.76%,294.37M,-1.90%,8.97B,10.92,25.02%,-0.07%,217.71M,-8.58%,743.65M,1.31,0.47,70.45%,7.92%,-13.96%,17.24B,0.52,-11.14%,-1.69%,3.42,-11.19%,10.27,3.06,1.64%,17.24M,-26.59%,8.46,3.71,10.07%,21.76%,29.99 - 48.24,-9.32%,-,7.39,-9.17%,2.14%,-34.87%,1.94,-,1.26,18.59%,40.69%,4.77%,1.35,"Dec 08, 2022",1.30,-24.59%,9.64%,38.56,4.59% 4.08%,78000,10.54,6.66%,4.31%,1.40,49.33,Yes / Yes,10.48,-44.00%,0.00%,0.80,30.16,1.87%,40.14%,-0.66%,Feb 12 AMC,5.04M,31.42,-8.27%,-7.66%,-16.83%,,"1,011,344",4.18%,MGM
S&P 500,13.94,8.13,18.72%,62.60M,-3.09%,7.10B,9.76,20.85%,-0.23%,50.87M,-2.88%,517.60M,1.37,1.41,78.79%,2.62%,-13.42%,10.84B,0.65,-0.85%,0.50%,1.78,-23.58%,120.63,0.94,3.93%,1.33M,-5.23%,10.65,10.65,10.18%,6.82%,104.88 - 164.29,-4.82%,-,10.44,-4.60%,5.44%,-30.98%,1.23,-,1.12,2.01%,25.55%,8.11%,3.63,-,2.06,218.48%,7.28%,42.45,3.50% 2.82%,41900,0.35,-2.68%,4.78%,2.00,144.53,Yes / Yes,0.26,-32.40%,0.00%,0.58,110.92,3.99%,5.31%,0.95%,Feb 06 AMC,747.79K,113.39,-2.55%,-5.63%,-14.97%,,"108,901",2.23%,MHK
RUT,5.88,19.71,1.83%,27.06M,-4.37%,3.14B,5.68,10.65%,-27.49%,26.62M,-1.14%,563.73M,-,4.16,94.54%,2.82%,-26.76%,4.50B,0.70,-6.46%,-2.96%,2.28,-24.56%,108.62,1.07,13.09%,0.75M,-9.47%,30.30,3.82,-,20.66%,109.92 - 176.18,-12.89%,-,18.33,34.48%,15.22%,-34.27%,1.96,-,1.95,12.89%,26.62%,5.36%,4.04,"Jun 27, 2008",7.42,21.14%,15.68%,41.18,3.27% 3.35%,1760,0.36,11.84%,12.51%,1.00,168.00,Yes / Yes,0.26,28.78%,0.00%,0.26,114.83,3.17%,-2.55%,24.16%,Jan 29 BMO,329.00K,115.81,-1.84%,-6.78%,-19.27%,,"21,362",0.85%,MHO
RUT,6.04,1.23,7.14%,29.64M,-0.60%,220.81M,7.02,10.06%,0.00%,27.54M,6.05%,36.38M,0.45,0.22,35.82%,1.48%,7.12%,413.19M,0.53,26.85%,-5.03%,1.56,1.29%,10.90,0.68,0.85%,0.41M,22.05%,4.67,1.59,13.29%,10.40%,5.44 - 7.95,11.95%,0.76 (10.21%),3.30,-29.65%,0.59%,-6.33%,1.50,0.75 (10.07%),-,50.37%,94.90%,36.86%,0.17,"Dec 31, 2024",-,-21.02%,96.41%,58.30,2.95% 2.34%,-,11.65,50.41%,8.81%,1.67,8.55,Yes / Yes,10.28,-77.85%,60.84%,0.45,7.33,12.80%,-10.27%,46.49%,Mar 03 BMO,262.15K,7.45,0.29%,6.72%,5.18%,,"29,518",1.57%,MITT
RUT,3.40,0.18,36.59%,39.56M,-16.19%,197.95M,2.35,76.13%,0.01%,28.54M,3.39%,7.06M,-,-,23.72%,4.94%,11.06%,408.70M,0.48,48.76%,-0.75%,2.21,-12.65%,-0.32,-,2.15%,1.41M,-66.85%,0.30,2.02,-,-,0.44 - 1.89,12.74%,0.04 (6.56%),-,-,-,-67.69%,0.37,0.04 (6.25%),0.43,5.69%,86.93%,38.79%,0.07,"Mar 18, 2025",0.43,208.74%,22.74%,46.44,11.58% 10.62%,439,-,-8.81%,1.73%,3.00,0.60,Yes / Yes,-,1321.05%,22.33%,0.70,0.57,26.03%,0.00%,-13.09%,Mar 01 AMC,638.62K,0.61,-7.26%,0.98%,-17.11%,,"112,127",7.02%,MKTW
RUT,8.08,5.49,4.75%,11.44M,-7.24%,507.45M,9.05,64.15%,0.00%,10.90M,-30.38%,63.49M,1.38,0.62,89.29%,9.60%,-38.69%,1.26B,0.40,-45.43%,5.73%,9.77,-22.02%,35.06,1.27,9.55%,1.05M,-7.83%,2.13,20.85,5.87%,16.96%,41.38 - 78.25,-32.13%,0.80 (1.80%),333.85,9.79%,13.62%,-43.31%,1.15,0.76 (1.71%),1.74,10.60%,13.58%,7.20%,2.56,"Mar 17, 2025",2.68,8.89%,6.72%,17.14,5.48% 4.43%,1711,0.16,9.03%,5.05%,1.00,70.50,Yes / Yes,0.16,-37.34%,13.89%,1.17,44.04,-23.56%,-23.21%,-25.09%,Mar 05 AMC,107.15K,44.36,-18.34%,-27.79%,-29.22%,,"31,398",0.73%,MLR
RUT,14.42,4.64,1.16%,57.29M,-5.95%,3.79B,10.53,4.26%,-1.11%,55.94M,-0.33%,283.96M,-,1.38,102.42%,3.20%,-5.42%,5.38B,0.70,-0.16%,-2.54%,2.39,-22.08%,28.75,2.33,7.03%,1.79M,-21.20%,2.17,30.84,-,16.88%,63.77 - 93.97,-10.32%,-,13.50,6.08%,9.19%,-28.76%,0.67,1.20 (1.79%),1.72,13.15%,21.59%,4.98%,2.18,"Feb 14, 2025",1.72,53.64%,9.43%,43.16,3.85% 3.21%,41100,0.92,8.01%,5.28%,2.00,102.00,Yes / Yes,0.88,-34.14%,24.04%,0.32,66.84,8.85%,17.66%,5.70%,Feb 06 BMO,748.88K,66.94,-0.61%,-7.14%,-18.66%,,"59,391",0.16%,MMS
-,9.09,0.78,0.08%,131.93M,-2.50%,940.66M,7.01,8.71%,0.00%,131.83M,-2.50%,144.38M,0.22,0.19,74.21%,2.98%,-1.47%,1.47B,0.64,143.61%,-4.94%,3.54,15.64%,9.36,0.76,6.01%,3.93M,9.88%,11.13,0.64,41.03%,8.94%,4.58 - 8.01,-3.25%,0.19 (2.66%),5.00,-17.89%,9.13%,-10.99%,0.24,-,1.83,-9.57%,38.96%,55.72%,0.33,"Apr 11, 2025",1.88,-44.13%,13.95%,49.79,4.55% 4.03%,1382,0.40,-13.37%,9.84%,1.57,8.80,Yes / Yes,0.01,-53.97%,0.00%,2.24,7.17,1.20%,-62.89%,-11.72%,Mar 12 BMO,1.11M,7.13,-1.88%,1.08%,8.75%,,"619,257",-0.56%,MOMO
RUT,8.88,2.90,18.08%,19.36M,-4.49%,497.83M,7.50,27.51%,1.65%,15.86M,-12.31%,49.44M,-,0.62,48.93%,2.45%,-17.77%,308.99M,1.61,-3.24%,31.98%,5.84,-9.53%,33.84,0.76,0.92%,0.39M,26.39%,-,-,-,8.26%,19.20 - 33.87,-10.82%,0.80 (3.11%),7.82,6.83%,6.75%,-24.05%,0.57,0.80 (3.11%),-,23.67%,-,33.96%,0.85,"Feb 07, 2025",0.13,26.72%,19.61%,29.71,4.00% 2.87%,635,0.12,20.62%,16.00%,1.00,37.25,Yes / Yes,0.12,-1.36%,27.59%,0.72,25.49,2.84%,-0.46%,11.60%,Jan 22 AMC,66.57K,25.72,-7.22%,-10.25%,-8.32%,,"11,898",0.90%,MPB
S&P 500,14.09,9.94,0.27%,316.00M,1.82%,43.63B,11.39,53.23%,1.08%,310.70M,-6.13%,3.44B,0.83,0.26,75.25%,2.59%,-7.28%,138.52B,0.32,-15.60%,-1.65%,2.70,-11.70%,56.16,2.49,4.10%,8.04M,-22.70%,10.30,13.59,17.05%,16.33%,130.54 - 221.11,0.40%,3.68 (2.63%),7.12,20.52%,8.00%,-36.66%,1.04,3.47 (2.48%),0.71,12.18%,6.52%,7.29%,5.02,"Feb 19, 2025",1.17,-57.85%,4.20%,43.41,3.29% 3.59%,18300,1.62,-6.70%,2.48%,1.95,169.18,Yes / Yes,1.43,-69.93%,33.54%,0.35,137.02,0.98%,3400.00%,-9.00%,Feb 04 BMO,2.98M,140.06,-3.92%,-5.22%,-11.99%,,"258,473",2.22%,MPC
-,9.62,1.45,23.90%,11.24M,-4.12%,156.80M,6.31,28.49%,0.00%,8.55M,-16.87%,16.35M,-,0.33,52.42%,0.60%,-12.81%,197.22M,0.80,18.62%,17.80%,0.97,26.82%,15.26,0.91,0.70%,0.05M,38.94%,-,-,-,9.92%,8.26 - 17.33,1.75%,0.50 (3.58%),5.62,12.24%,4.73%,-19.50%,0.69,0.50 (3.58%),-,21.24%,-,68.99%,0.58,"Feb 10, 2025",0.15,23.49%,11.05%,25.13,4.41% 4.04%,324,1.02,17.14%,8.29%,2.00,18.50,No / Yes,1.02,860.78%,34.48%,1.72,13.77,20.80%,46.27%,23.47%,Jan 24 BMO,53.07K,13.95,-8.02%,-9.52%,5.74%,,"22,754",1.31%,MRBK
RUT,12.04,0.87,2.77%,85.24M,-9.34%,893.35M,9.53,10.55%,-1.67%,82.88M,-18.38%,75.00M,0.43,0.20,95.30%,1.57%,-22.60%,3.20B,0.28,50.76%,-0.34%,1.90,-9.50%,6.53,1.60,5.33%,1.30M,-13.74%,0.73,14.41,27.87%,11.45%,10.93 - 15.41,-18.00%,-,3.46,14.08%,6.44%,-31.99%,1.68,-,1.11,0.41%,20.26%,-4.12%,0.51,-,1.99,-17.49%,4.68%,26.89,2.64% 3.36%,2800,0.31,-8.82%,2.34%,1.00,17.00,Yes / Yes,0.28,-2.56%,0.00%,2.98,11.11,-8.65%,-203.23%,-10.25%,Mar 14 BMO,683.88K,10.48,-12.03%,-19.98%,-19.34%,,"509,427",-5.67%,MRC
-,11.92,2.72,56.45%,70.29M,-10.93%,2.28B,8.90,14.29%,0.00%,30.61M,-8.85%,204.70M,1.15,0.77,37.83%,0.57%,5.59%,2.89B,0.79,3.74%,62.19%,0.44,30.25%,10.87,2.98,-,0.18M,-,153.53,0.21,10.32%,-,18.13 - 40.05,3.96%,0.71 (2.19%),-,-,8.09%,-19.10%,-,0.28 (0.86%),-,92.15%,72.66%,78.74%,2.08,"Mar 17, 2025",-,-,28.59%,39.00,8.96% 6.29%,-,6.28,-,7.07%,1.38,40.62,Yes / Yes,1.59,-,9.47%,0.79,31.36,19.95%,55.66%,-,Mar 06 BMO,398.17K,32.40,-8.99%,-7.00%,20.31%,,"78,939",3.33%,MRX
S&P 500,14.45,7.95,23.62%,1.61B,-3.73%,185.21B,12.01,10.23%,-0.05%,1.23B,-16.25%,12.80B,1.47,2.29,61.74%,1.16%,-9.43%,103.59B,1.79,9.12%,0.22%,2.06,18.35%,58.98,1.95,1.11%,14.29M,31.92%,-,-,9.86%,13.16%,85.01 - 142.03,-8.66%,3.84 (3.34%),-,8.89%,3.41%,-19.15%,1.31,3.63 (3.16%),-,15.55%,-,35.08%,4.25,"Jan 31, 2025",1.39,53.77%,13.17%,34.35,3.76% 3.28%,80000,3.64,7.16%,12.36%,2.54,140.84,Yes / Yes,2.59,160.75%,44.68%,0.71,111.68,7.96%,30.77%,-7.49%,Jan 16 BMO,6.95M,114.83,-8.75%,-12.17%,0.01%,,"1,238,380",2.83%,MS
-,6.68,7.14,7.77%,125.05M,5.37%,5.97B,5.69,3.30%,0.37%,115.48M,-15.45%,885.32M,1.77,1.89,88.96%,5.49%,-15.17%,3.48B,1.72,8.47%,1.22%,4.94,-3.62%,40.70,1.17,9.48%,6.34M,-26.52%,0.76,63.04,3.77%,19.67%,43.89 - 71.08,-15.21%,1.10 (2.32%),21.33,56.93%,10.43%,-32.89%,2.76,0.96 (2.02%),0.89,36.84%,44.15%,8.68%,2.11,"Feb 28, 2025",0.93,0.80%,40.49%,37.47,4.91% 4.42%,452,0.68,23.47%,25.45%,1.23,74.58,Yes / Yes,0.67,-19.39%,11.91%,0.38,46.93,-3.03%,4.06%,17.54%,Feb 18 AMC,1.28M,47.70,-5.44%,-14.92%,-15.06%,,"121,316",1.64%,MTDR
RUT,6.53,10.72,2.67%,71.92M,-9.87%,5.02B,6.49,14.71%,-3.54%,69.85M,-4.52%,786.19M,2.93,1.73,99.41%,4.29%,-23.38%,6.40B,0.78,-12.39%,-1.31%,2.91,-27.06%,71.49,0.98,11.60%,3.00M,-12.53%,9.08,7.70,2.23%,16.12%,68.93 - 106.99,-9.06%,1.36 (1.94%),-,27.28%,12.14%,-34.63%,1.68,1.50 (2.14%),1.32,12.22%,25.37%,1.47%,2.57,"Mar 17, 2025",9.97,7.50%,15.02%,38.81,3.99% 3.34%,1898,0.27,4.18%,12.29%,2.31,101.86,Yes / Yes,0.26,-12.26%,13.99%,0.51,69.41,2.76%,5.39%,-2.33%,Jan 29 AMC,1.03M,69.94,-4.84%,-7.95%,-20.24%,,"132,207",0.76%,MTH
RUT,6.05,1.56,3.84%,35.13M,-5.02%,332.37M,9.35,92.70%,0.16%,33.79M,-3.17%,55.80M,0.13,-0.10,75.95%,1.66%,-6.34%,2.18B,0.15,28.05%,-6.70%,1.92,3.50%,18.22,0.52,3.31%,0.56M,-28.28%,1.37,6.92,46.80%,8.98%,8.30 - 14.32,3.61%,-,94.96,3.63%,5.24%,-33.94%,1.74,-,0.74,4.68%,17.16%,13.91%,0.47,"Nov 24, 2015",2.02,42.13%,3.09%,42.35,3.70% 5.75%,4800,0.70,-2.24%,2.56%,3.33,12.12,Yes / Yes,0.66,807.86%,0.00%,0.30,9.27,-0.44%,-15.54%,0.03%,Feb 12 AMC,291.59K,9.46,-8.20%,-3.55%,-7.38%,,"21,789",2.05%,MTW
RUT,13.00,5.17,1.29%,31.90M,-0.84%,2.14B,9.27,12.01%,0.00%,31.49M,-8.14%,167.10M,-,1.32,97.06%,1.09%,-15.31%,2.12B,1.01,5.28%,-0.16%,1.94,-5.51%,54.77,1.23,4.96%,0.34M,-6.87%,10.57,6.36,-,9.83%,65.64 - 90.29,-11.78%,0.45 (0.66%),14.60,6.47%,6.09%,-25.54%,1.21,0.42 (0.62%),1.98,3.93%,25.85%,2.42%,1.63,"Feb 14, 2025",2.84,100.91%,13.48%,37.15,2.42% 2.35%,3891,0.59,-2.37%,7.89%,1.25,101.00,Yes / Yes,0.57,36.94%,7.93%,0.60,66.53,-0.94%,7.91%,-1.22%,Feb 06 AMC,177.88K,67.23,-2.24%,-7.43%,-13.02%,,"26,439",1.05%,MTX
-,12.46,1.09,0.02%,11.60B,4.72%,158.17B,11.79,7.78%,0.00%,11.60B,10.40%,12.79B,0.79,0.10,7.26%,0.09%,14.77%,83.48B,1.89,33.70%,-0.40%,3.24,33.02%,11.18,1.22,0.47%,10.65M,30.10%,-,-,15.81%,9.70%,8.75 - 13.34,16.34%,0.40 (2.94%),-,7.39%,3.10%,2.21%,0.43,0.29 (2.15%),-,8.37%,-,55.83%,0.30,"Sep 30, 2024",2.17,-12.06%,17.88%,66.40,1.83% 1.73%,145412,4.67,13.21%,15.33%,1.88,14.16,Yes / Yes,2.19,32.39%,24.82%,5.12,13.17,570.76%,60.64%,7.46%,Feb 04 AMC,3.29M,13.64,5.34%,8.72%,21.32%,,"4,206,526",3.53%,MUFG
RUT,9.47,2.69,5.78%,145.85M,0.30%,3.71B,6.57,29.77%,1.22%,137.42M,-8.11%,407.17M,0.74,0.51,83.73%,14.21%,-15.97%,3.02B,1.23,8.09%,-1.20%,7.43,-25.28%,35.61,0.71,4.22%,19.53M,-39.64%,2.90,8.76,12.74%,7.77%,22.90 - 49.14,-15.94%,1.30 (5.12%),4.52,-17.32%,5.81%,-48.24%,1.72,1.23 (4.82%),0.77,8.40%,27.03%,11.07%,1.06,"Feb 18, 2025",0.83,-36.47%,21.72%,41.84,4.07% 3.98%,750,0.40,-12.48%,13.49%,2.48,35.83,Yes / Yes,0.35,-54.21%,44.51%,0.62,24.88,-9.68%,-39.83%,-20.50%,Jan 30 BMO,2.63M,25.44,-3.03%,-10.46%,-25.13%,,"408,846",2.23%,MUR
RUT,11.25,1.53,9.36%,12.95M,-2.68%,223.18M,8.12,76.45%,0.49%,11.73M,-13.56%,20.09M,-,0.21,52.77%,0.69%,-20.71%,215.10M,1.04,-21.35%,8.24%,2.13,-12.28%,23.62,0.73,0.62%,0.08M,-16.65%,-,-,-,6.75%,16.81 - 25.24,-16.69%,0.68 (3.94%),10.48,-7.02%,5.29%,-31.67%,0.88,0.68 (3.94%),-,10.38%,-,2.59%,0.63,"Feb 28, 2025",0.34,1.96%,6.11%,34.57,4.06% 3.32%,445,0.24,0.69%,9.34%,2.00,23.67,Yes / Yes,0.24,18.54%,44.44%,0.78,17.00,33.59%,164.12%,-10.33%,Feb 13 AMC,38.26K,17.25,-5.87%,-9.93%,-13.87%,,"7,501",1.45%,MVBF
RUT,11.15,0.22,3.02%,211.75M,-1.19%,527.24M,6.04,22.62%,0.00%,205.36M,-8.46%,46.64M,0.41,0.02,38.80%,6.61%,-7.09%,349.74M,1.51,52.73%,-3.17%,4.66,-30.64%,2.40,1.04,5.50%,13.57M,-38.37%,0.21,11.88,27.46%,8.91%,2.39 - 4.40,-0.40%,0.34 (13.79%),4.32,-,6.16%,-43.41%,0.02,0.46 (18.47%),1.18,9.01%,30.35%,4.18%,0.09,"Mar 10, 2025",1.65,-52.77%,22.11%,43.27,3.26% 3.45%,17,0.53,-2.37%,13.34%,1.80,3.77,Yes / Yes,0.49,-92.60%,179.45%,0.66,2.46,-11.63%,-76.47%,25.61%,Feb 28 BMO,2.91M,2.49,-1.68%,-5.84%,-23.89%,,"480,943",1.22%,NAT
RUT,11.41,1.17,2.62%,103.03M,-6.13%,1.36B,9.44,23.15%,-0.37%,99.59M,-1.26%,131.00M,-,0.23,102.97%,7.70%,-10.36%,4.24B,0.32,-42.74%,-5.44%,8.84,-9.14%,25.63,0.52,0.23%,7.67M,-20.38%,20.56,0.65,-9.14%,4.85%,12.73 - 17.56,0.23%,0.64 (4.80%),2.97,-14.36%,0.31%,-24.15%,1.23,0.64 (4.80%),-,-2.70%,86.05%,4.63%,0.41,"Mar 07, 2025",-,-34.34%,77.97%,43.11,4.03% 2.71%,2100,18.30,-14.40%,3.09%,3.20,14.05,Yes / Yes,14.77,190.92%,54.23%,0.40,13.02,-0.20%,-209.09%,-24.63%,Jan 29 BMO,867.62K,13.32,-3.47%,-3.15%,-9.70%,,"87,594",2.30%,NAVI
S&P 500,10.63,1.77,1.13%,439.86M,-6.11%,8.29B,7.22,24.69%,-4.26%,434.99M,-28.19%,910.26M,0.53,0.09,79.66%,5.69%,-28.66%,9.48B,0.87,14.96%,7.48%,2.25,0.72%,3.24,5.81,4.61%,24.76M,-3.71%,0.43,43.44,19.91%,105.46%,14.69 - 29.29,-26.80%,-,9.88,-16.28%,6.51%,-35.69%,2.27,-,0.09,121.07%,30.90%,28.22%,1.20,-,0.11,433.82%,15.77%,24.93,5.83% 5.48%,41700,9.76,10.87%,9.60%,2.05,30.17,Yes / Yes,8.82,296.28%,0.00%,0.97,18.53,0.48%,140.74%,6.19%,Feb 27 BMO,11.01M,18.83,-16.22%,-24.75%,-14.56%,,"2,662,009",1.65%,NCLH
-,10.92,2.52,73.78%,2.51M,8.12%,70.02M,8.20,43.90%,-0.08%,0.66M,-2.37%,6.59M,-,0.89,13.25%,0.45%,6.82%,163.08M,0.43,-35.14%,7.89%,0.34,27.89%,39.42,0.70,4.33%,0.00M,74.21%,10.19,2.71,-,6.92%,15.20 - 31.82,6.16%,-,6.13,-,6.01%,-13.39%,0.71,-,2.54,-0.04%,38.43%,81.32%,1.54,-,4.15,287.47%,2.97%,50.64,8.29% 5.29%,252,0.15,14.47%,4.04%,1.00,39.00,No / Yes,0.11,-91.64%,0.00%,2.91,28.00,11.79%,178.53%,27.68%,Mar 10 AMC,8.84K,27.56,1.09%,-2.66%,25.35%,,"6,429",-1.57%,NCSM
RUT,7.83,2.99,21.42%,158.95M,-5.41%,3.72B,8.38,55.41%,6.18%,125.09M,-23.32%,448.35M,0.53,0.43,75.31%,9.43%,-28.22%,3.06B,1.22,-21.96%,-10.05%,5.61,-32.78%,29.26,0.80,6.66%,11.79M,-48.62%,1.58,14.75,14.80%,10.46%,22.05 - 52.15,-25.57%,2.07 (8.87%),46.42,-,6.69%,-55.19%,1.09,1.90 (8.13%),1.48,25.96%,27.36%,6.00%,1.25,"Mar 05, 2025",1.48,-12.26%,22.76%,33.90,5.98% 5.16%,6400,0.44,18.11%,14.66%,1.72,36.80,Yes / Yes,0.44,-42.12%,60.88%,0.71,22.46,6.59%,-14.63%,44.23%,Feb 17 BMO,2.10M,23.37,-7.48%,-21.08%,-34.80%,,"370,735",4.06%,NE
RUT,6.41,3.58,13.26%,14.02M,1.73%,321.77M,7.24,4.28%,-0.39%,12.16M,-5.63%,47.79M,-,0.74,48.16%,0.92%,-19.10%,161.60M,1.99,-15.08%,4.76%,1.68,5.35%,22.76,1.01,2.53%,0.11M,50.14%,-,-,-,15.97%,14.68 - 31.72,-6.17%,0.60 (2.61%),6.46,34.82%,14.76%,-27.65%,0.44,0.50 (2.17%),-,27.70%,-,56.35%,0.68,"Jan 03, 2025",0.34,15.91%,41.31%,45.45,3.39% 2.86%,135,0.01,18.40%,29.57%,3.00,31.00,Yes / Yes,0.01,-2.30%,13.97%,0.06,22.57,-3.80%,-2.44%,4.95%,Jan 29 BMO,66.71K,22.95,-0.17%,-4.52%,-2.50%,,"1,061",1.68%,NECB
RUT,6.26,1.95,6.97%,26.29M,-0.90%,320.40M,5.19,8.85%,2.91%,24.47M,-2.56%,49.25M,-,0.33,36.10%,5.84%,-14.53%,333.53M,0.96,10.03%,4.20%,8.06,9.83%,10.52,1.16,2.91%,1.43M,6.28%,14.50,0.84,-,18.65%,10.07 - 15.49,-4.62%,0.77 (6.31%),12.83,-1.68%,2.48%,-21.37%,1.28,0.76 (6.24%),-,27.99%,77.10%,20.95%,0.46,"Dec 31, 2024",-,19.60%,36.31%,43.30,4.29% 3.53%,528,5.70,33.15%,14.77%,2.71,15.14,Yes / Yes,5.70,31.43%,38.86%,0.27,12.05,8.37%,3.96%,25.99%,Feb 26 AMC,177.33K,12.18,-2.66%,-4.20%,-6.29%,,"11,821",1.08%,NEWT
-,14.26,0.51,40.53%,65.55M,-17.43%,462.69M,6.77,1.58%,0.00%,37.95M,-27.50%,35.44M,-,0.07,18.04%,0.49%,-28.08%,365.48M,1.27,13.41%,-48.81%,0.75,-2.55%,8.10,0.90,4.06%,0.19M,45.88%,2.93,2.47,-,6.60%,4.71 - 11.00,-27.64%,-,3.23,35.64%,6.40%,-34.09%,1.85,-,1.44,6.71%,67.25%,53.93%,0.60,-,1.44,278.23%,11.58%,34.83,7.12% 7.34%,-,0.07,10.09%,9.70%,1.50,15.35,Yes / Yes,0.04,727.15%,0.00%,4.44,7.58,0.14%,136.22%,17.06%,Mar 05 BMO,251.01K,7.25,-15.55%,-22.56%,-10.40%,,"278,538",-4.35%,NEXN
-,13.59,1.58,0.30%,578.36M,-1.67%,12.43B,7.54,1.25%,-5.45%,576.61M,3.79%,847.36M,7.90,0.70,59.91%,1.95%,8.45%,6.36B,1.96,4.22%,13.27%,1.41,6.25%,19.15,1.12,1.02%,11.25M,8.67%,2.57,8.35,1.72%,8.40%,17.67 - 22.11,17.40%,2.60 (12.10%),3.75,-,2.53%,-2.83%,1.35,2.60 (12.10%),-,86.64%,99.62%,21.60%,0.42,"Dec 31, 2024",-,143.80%,88.42%,55.08,2.74% 1.82%,191,7.11,13.33%,13.33%,1.71,21.18,Yes / Yes,1.66,188.07%,160.39%,0.68,21.10,-25.28%,7.93%,34.48%,Jan 29 AMC,7.99M,21.48,-0.22%,5.55%,7.78%,,"1,360,436",1.82%,NLY
-,3.29,11.98,45.80%,29.81M,-3.22%,1.17B,3.26,20.51%,0.00%,16.16M,-10.72%,361.86M,0.33,1.52,30.65%,2.40%,-17.12%,1.33B,0.88,-10.05%,-22.92%,3.30,-25.78%,99.44,0.40,6.69%,0.39M,-13.12%,10.47,3.76,9.89%,12.41%,37.75 - 65.89,-8.96%,0.20 (0.51%),-,-,7.28%,-40.19%,1.62,0.20 (0.51%),1.13,59.53%,66.11%,4.40%,1.39,"Feb 10, 2025",1.08,-14.92%,33.56%,37.93,3.33% 3.51%,-,0.69,2.08%,27.12%,1.00,73.00,Yes / Yes,0.60,-27.65%,1.67%,0.68,39.32,6.61%,-3.51%,1.61%,Feb 13 BMO,117.57K,39.41,-4.96%,-7.67%,-20.14%,,"19,880",0.23%,NMM
-,9.08,0.70,0.00%,2.96B,-2.61%,18.74B,9.31,-1.08%,-,2.96B,-3.06%,2.15B,0.39,0.18,8.04%,0.02%,4.97%,31.88B,0.59,96.17%,6.43%,1.29,17.63%,7.69,0.82,0.56%,0.72M,4.11%,11.18,0.57,23.24%,9.35%,4.66 - 6.99,9.50%,0.31 (4.82%),-,-,1.92%,-9.30%,0.66,0.25 (3.92%),-,14.45%,34.23%,36.05%,0.17,"Sep 30, 2024",-,170.41%,9.66%,47.34,1.87% 1.88%,26850,9.02,19.73%,6.74%,2.43,7.16,Yes / Yes,3.92,99.36%,39.01%,0.65,6.19,5.97%,59.07%,7.61%,Feb 05 AMC,555.62K,6.34,-2.18%,0.30%,8.08%,,"90,325",2.42%,NMR
-,12.69,1.33,11.50%,26.83M,-0.06%,453.43M,5.99,28.54%,0.00%,23.74M,-10.11%,41.81M,0.54,0.72,78.90%,1.62%,-19.37%,872.07M,0.52,42.00%,-0.30%,6.51,-6.11%,10.81,1.56,4.18%,0.39M,-32.86%,2.14,7.89,23.50%,15.45%,15.62 - 24.80,-21.80%,0.29 (1.74%),-,30.13%,5.01%,-31.85%,1.14,0.31 (1.81%),0.88,10.56%,19.68%,8.19%,0.61,"Mar 13, 2025",1.13,-21.95%,15.05%,42.82,3.73% 3.18%,210,2.12,36.13%,4.79%,1.00,27.74,Yes / Yes,1.88,6.13%,16.83%,1.24,15.99,-3.72%,-53.02%,44.85%,Mar 19 AMC,59.21K,16.90,-2.68%,-11.10%,-12.40%,,"17,808",5.69%,NOA
-,2.11,5.28,4.46%,65.82M,0.86%,747.05M,7.83,20.33%,0.00%,64.04M,-1.98%,80.78M,-,-,37.39%,1.03%,-6.97%,383.39M,1.95,-41.64%,2.45%,6.22,27.08%,21.23,0.53,4.79%,0.66M,11.98%,10.08,1.11,-6.86%,5.75%,7.14 - 14.90,-4.82%,0.59 (5.32%),-,-0.41%,5.74%,-25.20%,0.72,1.06 (9.48%),-,1.68%,96.33%,56.09%,0.45,"Jul 03, 2024",-,176.99%,24.92%,50.89,3.63% 3.95%,2583,0.01,-20.10%,21.07%,2.50,13.39,Yes / Yes,0.01,-42.47%,50.55%,0.60,10.63,-,-,-7.15%,Mar 25 AMC,105.94K,11.15,-0.66%,1.45%,7.25%,,"15,928",4.84%,NOAH
RUT,5.65,5.15,2.86%,99.11M,5.78%,2.88B,6.04,1.99%,1.59%,96.28M,-17.20%,520.31M,-,1.20,113.21%,17.19%,-28.02%,2.16B,1.33,-10.19%,1.26%,9.67,-14.42%,23.41,1.24,10.32%,16.55M,-21.32%,0.09,322.76,-0.74%,23.82%,26.59 - 44.31,-21.74%,1.76 (6.04%),-,-,11.09%,-34.37%,1.53,1.64 (5.64%),0.92,53.59%,38.64%,9.34%,1.26,"Mar 28, 2025",0.92,-48.29%,35.89%,35.87,4.85% 4.24%,49,1.02,29.45%,24.05%,1.79,47.73,Yes / Yes,1.02,-81.78%,31.92%,0.42,28.33,-7.76%,1.47%,76.82%,Feb 19 AMC,1.71M,29.08,-5.45%,-17.30%,-22.96%,,"179,586",2.65%,NOG
-,12.74,1.52,17.75%,156.09M,-5.00%,2.97B,8.90,7.38%,0.00%,126.17M,7.68%,245.83M,1.62,0.38,78.09%,1.65%,9.63%,3.35B,0.89,9.98%,-3.09%,3.06,1.79%,17.66,1.10,3.58%,2.09M,-2.42%,2.72,7.11,7.85%,8.75%,15.43 - 20.81,15.38%,0.68 (3.50%),10.93,11.12%,4.93%,-6.97%,0.81,0.62 (3.20%),0.71,5.27%,29.62%,25.47%,0.55,"Feb 10, 2025",1.10,24.81%,14.74%,54.76,2.72% 2.87%,7788,0.82,1.88%,7.33%,1.14,25.01,Yes / Yes,0.81,113.12%,39.45%,0.39,19.42,-4.56%,6.51%,3.44%,Mar 03 BMO,681.83K,19.36,0.29%,7.85%,8.46%,,"65,897",-0.31%,NOMD
-,8.82,1.61,0.94%,381.55M,-5.21%,5.40B,8.61,19.59%,-4.68%,377.24M,-11.32%,635.00M,0.70,0.25,102.02%,5.62%,-6.09%,8.87B,0.61,11.58%,3.23%,4.65,-10.71%,16.71,0.85,5.61%,21.20M,-20.74%,3.23,4.39,12.63%,10.12%,13.77 - 21.20,-2.88%,0.41 (2.86%),5.67,-,7.36%,-33.11%,1.38,0.27 (1.94%),1.64,3.09%,24.07%,2.94%,0.50,"Mar 14, 2025",2.46,-35.98%,11.28%,41.19,3.91% 3.21%,34010,0.37,3.42%,7.16%,2.46,18.76,Yes / Yes,0.35,-72.76%,17.15%,0.48,13.99,2.94%,18.24%,-1.45%,Feb 04 AMC,4.56M,14.18,-3.88%,-5.05%,-13.65%,,"545,307",1.36%,NOV
RUT,11.72,0.52,10.04%,86.55M,6.03%,527.69M,13.86,31.34%,0.12%,77.86M,-10.08%,45.47M,-,0.07,90.49%,2.30%,-22.04%,449.85M,1.17,45.65%,5.81%,2.71,-13.77%,3.77,1.62,7.38%,1.79M,-12.41%,0.21,29.71,-,10.31%,5.33 - 8.65,-20.51%,-,-,-,13.29%,-29.52%,2.38,-,2.20,-10.45%,24.03%,14.38%,0.28,"Mar 29, 2011",2.53,217.35%,11.74%,44.58,4.35% 4.52%,460,0.06,-39.99%,10.11%,1.00,11.00,Yes / Yes,0.05,1882.14%,0.00%,2.87,5.95,-2.17%,6.67%,-65.72%,Feb 26 AMC,662.04K,6.10,-1.22%,-10.68%,-17.82%,,"474,622",2.46%,NPKI
S&P 500,9.92,9.77,1.67%,195.97M,-7.12%,18.96B,10.99,7.81%,-3.65%,192.43M,-12.00%,1.97B,-,1.83,86.13%,1.72%,-10.41%,15.47B,1.23,-16.33%,-0.99%,2.65,11.07%,60.74,1.60,1.32%,3.30M,19.74%,-,-,-0.75%,16.32%,79.30 - 114.67,-5.47%,3.06 (3.16%),-,8.07%,10.47%,-15.51%,1.12,3.00 (3.10%),-,20.20%,-,22.18%,2.80,"Mar 14, 2025",1.36,92.95%,16.79%,27.17,3.50% 2.69%,23300,1.30,29.42%,12.75%,2.94,118.14,Yes / Yes,0.47,337.01%,30.70%,0.53,96.09,2.42%,12.34%,12.65%,Jan 23 BMO,1.25M,96.89,-9.21%,-9.87%,0.34%,,"164,383",0.83%,NTRS
-,12.16,1.12,53.45%,69.45M,-5.14%,948.67M,6.66,17.63%,0.00%,32.33M,-18.92%,81.74M,1.18,0.33,28.78%,0.30%,-12.65%,564.28M,1.68,29.30%,3.33%,0.48,-10.01%,17.10,0.80,3.75%,0.10M,-10.71%,1.84,7.43,10.32%,6.91%,13.55 - 18.18,-10.94%,0.35 (2.54%),4.10,-,4.69%,-24.81%,1.06,0.20 (1.46%),0.70,16.34%,31.45%,0.89%,0.48,"Mar 24, 2025",0.75,13.57%,25.06%,20.21,4.51% 2.99%,175,0.65,5.99%,14.49%,1.00,22.00,Yes / Yes,0.47,0.19%,9.07%,1.86,13.75,9.39%,17.10%,2.94%,Mar 12 BMO,202.61K,13.67,-8.60%,-14.12%,-15.11%,,"93,890",-0.58%,NVGS
-,8.53,1.36,0.00%,4.02B,-4.52%,46.73B,7.38,11.11%,-,4.02B,2.38%,5.78B,1.06,0.31,3.13%,0.14%,10.78%,37.53B,1.25,5.31%,0.40%,1.20,31.48%,10.61,1.09,0.65%,5.60M,75.11%,-,-,8.06%,13.58%,6.16 - 12.65,14.16%,0.71 (6.08%),-,13.89%,4.93%,-8.22%,0.89,0.45 (3.88%),-,14.83%,-,88.32%,0.34,"Mar 14, 2025",1.16,14.85%,21.10%,51.06,2.44% 2.20%,59700,4.10,18.85%,15.39%,1.65,13.08,Yes / Yes,1.75,12.96%,39.20%,4.13,11.68,4.70%,39.39%,10.16%,Feb 14 BMO,4.66M,11.61,-1.12%,5.60%,20.36%,,"4,803,013",-0.60%,NWG
RUT,12.12,3.40,2.78%,9.92M,0.97%,409.68M,11.04,9.69%,-1.60%,9.66M,-18.49%,34.21M,-,0.53,83.05%,1.44%,-23.55%,492.31M,0.83,0.20%,11.57%,1.75,1.66%,37.71,1.09,5.76%,0.14M,22.00%,0.50,81.77,-1.09%,9.58%,31.16 - 57.76,-14.56%,-,11.96,3.56%,6.83%,-28.61%,0.94,-,2.43,12.80%,19.33%,32.33%,1.68,-,3.49,63.68%,9.75%,35.67,3.45% 3.95%,1358,0.37,10.81%,6.95%,2.00,57.00,Yes / Yes,0.34,85.63%,0.00%,0.89,40.33,-0.59%,9.49%,8.36%,Feb 26 AMC,79.44K,41.24,-7.84%,-12.84%,-6.72%,,"17,605",2.24%,NWPX
-,7.63,22.12,6.64%,30.62M,-5.10%,5.15B,6.49,91.27%,-13.26%,28.48M,12.70%,721.00M,-,3.25,98.19%,7.19%,-0.22%,5.41B,0.95,-36.48%,0.77%,4.93,4.90%,73.71,2.29,6.04%,2.05M,2.06%,4.72,35.76,-6.18%,31.65%,146.04 - 191.86,6.84%,7.44 (4.41%),4.66,34.82%,8.09%,-12.03%,1.09,6.93 (4.11%),1.66,13.55%,43.98%,15.57%,5.38,"Feb 12, 2025",1.66,128.67%,23.86%,57.76,3.22% 3.33%,13005,3.02,9.61%,13.33%,1.55,205.22,Yes / Yes,2.95,128.19%,31.58%,0.58,168.55,0.85%,-6.17%,14.11%,Feb 27 BMO,415.44K,168.77,3.56%,6.76%,2.50%,,"59,786",0.13%,NXST
RUT,14.34,2.45,9.27%,31.20M,-4.89%,1.10B,10.26,12.61%,0.00%,28.32M,-13.11%,76.49M,-,0.69,59.49%,1.00%,-3.69%,614.81M,1.79,24.33%,4.32%,1.87,12.93%,36.71,0.96,0.79%,0.28M,14.44%,-,-,-,6.93%,27.69 - 41.17,5.71%,0.63 (1.80%),12.71,1.50%,5.62%,-14.51%,0.78,0.60 (1.71%),-,18.93%,-,27.09%,1.06,"Feb 14, 2025",0.06,-9.46%,14.21%,35.79,2.81% 2.72%,1031,0.20,5.48%,12.44%,1.40,44.00,Yes / Yes,0.19,5.24%,24.47%,0.47,34.64,-11.10%,-11.20%,-2.59%,Jan 22 AMC,151.96K,35.19,-6.30%,-4.94%,4.40%,,"17,813",1.59%,OBK
RUT,11.04,2.15,24.03%,22.70M,-0.59%,270.75M,7.23,13.28%,-0.09%,8.66M,-8.86%,27.88M,-,0.67,41.07%,1.04%,-20.36%,143.20M,1.89,17.41%,1.39%,3.67,-13.32%,8.17,2.91,1.12%,0.09M,2.93%,-,-,-,15.89%,21.00 - 33.06,-14.52%,0.46 (1.94%),7.39,-0.74%,12.96%,-28.15%,0.43,0.48 (2.04%),-,20.23%,-,13.10%,0.80,"Mar 04, 2025",0.09,-17.76%,24.31%,35.84,3.24% 2.67%,197,0.77,9.15%,19.47%,1.00,33.75,No / Yes,0.16,-56.32%,38.11%,0.31,23.60,1.04%,-10.32%,3.40%,Feb 05 AMC,24.59K,23.75,-5.22%,-8.46%,-12.75%,,"1,878",0.64%,OBT
RUT,10.43,1.65,3.41%,58.55M,-0.17%,1.01B,8.61,27.49%,-0.08%,56.56M,-5.92%,96.05M,-,0.35,73.74%,1.03%,-13.89%,692.29M,1.45,-2.23%,-6.12%,1.83,-0.12%,29.06,0.59,0.74%,0.58M,11.93%,-,-,-,5.95%,14.03 - 21.87,-5.14%,0.81 (4.74%),10.22,-1.15%,3.79%,-21.49%,0.92,0.80 (4.66%),-,15.43%,-,22.38%,0.53,"Feb 03, 2025",0.05,-2.82%,19.79%,44.26,3.12% 2.53%,1031,0.79,7.54%,13.87%,2.14,21.57,Yes / Yes,0.49,-20.19%,48.56%,0.52,16.78,0.64%,5.73%,-0.28%,Jan 23 AMC,316.96K,17.17,-1.75%,-4.35%,-2.95%,,"41,302",2.32%,OCFC
-,4.55,3.33,0.27%,257.80M,-1.68%,3.92B,3.67,7.77%,0.00%,257.25M,3.27%,864.00M,5.23,0.91,82.43%,6.93%,0.40%,6.40B,0.61,-6.56%,3.13%,5.03,-24.70%,1.83,8.29,6.87%,17.84M,-16.91%,2.62,5.80,0.87%,429.85%,13.87 - 23.10,1.74%,1.15 (7.60%),5.13,-23.49%,9.15%,-34.29%,0.67,1.12 (7.38%),1.11,-6.67%,58.02%,9.44%,0.60,"Feb 24, 2025",1.60,-16.11%,23.33%,49.66,4.21% 4.53%,10000,19.14,2.24%,13.49%,2.60,20.50,Yes / Yes,19.01,-80.29%,33.59%,0.71,14.96,-0.02%,3.79%,-0.38%,Feb 13 BMO,3.54M,15.18,-0.04%,-1.52%,-15.72%,,"626,766",1.47%,OGN
RUT,13.86,1.44,1.88%,100.66M,0.10%,2.01B,10.58,17.93%,-0.11%,98.77M,-19.83%,147.47M,0.54,0.31,100.15%,4.63%,-25.40%,2.66B,0.76,40.34%,-0.60%,5.26,-11.17%,7.10,2.81,6.45%,4.57M,-2.35%,5.01,3.98,25.57%,21.97%,18.87 - 30.98,-23.43%,-,18.80,-,10.28%,-35.53%,1.98,-,1.46,5.83%,18.24%,5.83%,0.87,"Aug 23, 2017",1.74,50.93%,9.25%,34.37,4.27% 4.13%,10400,1.19,9.75%,5.54%,3.00,24.80,Yes / Yes,1.01,26.25%,0.00%,0.55,19.56,4.63%,-8.51%,8.99%,Feb 19 AMC,869.79K,19.97,-7.36%,-17.62%,-20.71%,,"119,435",2.10%,OII
S&P 500,10.78,7.45,1.18%,196.40M,-5.48%,15.79B,8.82,7.91%,-0.17%,194.17M,-1.10%,1.48B,1.51,1.66,100.78%,9.95%,-13.11%,15.69B,1.01,4.78%,3.63%,6.46,-18.26%,21.35,3.76,5.14%,19.32M,-15.30%,22.08,3.64,7.16%,37.92%,78.69 - 107.00,-6.63%,3.06 (3.80%),9.91,4.22%,13.41%,-24.92%,0.90,2.80 (3.49%),1.00,1.23%,17.47%,2.10%,2.31,"Mar 11, 2025",1.00,7.79%,14.96%,40.88,4.18% 2.62%,74900,1.64,6.79%,9.44%,2.00,106.50,Yes / Yes,1.63,5.83%,37.56%,1.98,79.48,0.14%,-0.15%,6.43%,Feb 04 AMC,2.99M,80.34,-2.64%,-4.50%,-14.05%,,"1,479,018",1.08%,OMC
-,11.14,4.24,0.71%,119.36M,-3.58%,5.64B,5.81,29.26%,-5.08%,118.53M,-13.87%,509.00M,0.40,1.56,92.99%,4.00%,-13.89%,5.72B,0.99,28.66%,5.89%,4.89,7.55%,26.73,1.77,2.03%,4.74M,-2.99%,9.57,4.94,28.11%,15.96%,41.70 - 58.90,-9.43%,4.24 (8.97%),2.09,-7.54%,2.07%,-19.84%,1.36,4.16 (8.81%),-,3.67%,83.99%,13.23%,1.82,"Feb 12, 2025",-,-20.11%,59.48%,34.56,4.22% 3.39%,9000,6.72,7.96%,8.90%,1.67,61.67,Yes / Yes,6.72,-23.51%,97.23%,0.83,45.35,-2.30%,0.95%,9.02%,Jan 31 BMO,967.71K,47.22,-8.23%,-11.98%,-6.83%,,"200,872",4.11%,OMF
RUT,7.38,4.09,17.68%,7.87M,-1.73%,237.69M,2.84,27.07%,0.00%,6.48M,-23.08%,33.40M,0.16,1.54,52.67%,1.67%,-8.87%,960.30M,0.25,102.24%,4.36%,2.36,5.97%,56.26,0.54,0.23%,0.11M,21.10%,33.74,0.89,44.80%,7.58%,22.40 - 41.27,-1.69%,-,-,-,0.24%,-26.85%,1.61,-,-,-2.07%,93.69%,34.78%,1.26,"Aug 26, 1999",-,151.71%,46.16%,37.87,3.36% 4.31%,4300,30.68,-7.86%,3.48%,1.00,43.75,Yes / Yes,27.31,41.23%,0.00%,0.22,29.60,-10.32%,-273.41%,-36.98%,Feb 13 BMO,45.96K,30.19,-3.95%,-9.22%,2.18%,,"2,436",1.99%,ONIT
-,11.94,0.17,37.20%,28.43M,-11.28%,360.35M,3.31,58.49%,0.00%,17.86M,-33.60%,4.88M,-,0.10,45.67%,6.80%,-42.08%,306.35M,1.18,1887.50%,-0.19%,8.92,-39.21%,-6.33,-,2.02%,1.22M,-56.11%,0.18,11.28,-,-,2.17 - 5.18,-38.50%,-,-,-,7.30%,-59.75%,0.61,-,1.15,24.88%,29.67%,-3.92%,0.15,-,1.25,-77.23%,8.62%,16.63,5.92% 5.77%,326,-,30.76%,1.59%,1.75,5.74,Yes / Yes,-,675.00%,0.00%,3.27,2.17,-12.29%,-127.95%,18.94%,Mar 13 AMC,136.24K,2.09,-19.54%,-28.69%,-42.13%,,"111,388",-3.92%,OPAL
-,9.01,1.39,21.86%,14.82M,2.55%,185.77M,6.91,24.32%,0.00%,11.57M,-11.24%,20.77M,-,0.32,52.57%,0.37%,-27.71%,153.97M,1.21,5.04%,13.04%,1.47,4.17%,13.83,0.91,0.92%,0.04M,23.57%,-,-,-,10.45%,8.91 - 18.57,-20.67%,0.48 (3.83%),6.93,6.23%,6.75%,-32.46%,0.51,0.48 (3.83%),-,18.02%,-,40.76%,0.53,"Feb 06, 2025",0.07,-9.63%,18.89%,41.13,3.87% 3.99%,222,0.50,13.38%,13.49%,2.00,19.00,Yes / Yes,0.50,-2.25%,34.53%,2.03,12.42,-1.18%,-8.33%,11.78%,Jan 23 AMC,29.39K,12.54,-3.74%,-10.85%,-5.28%,,"14,866",0.98%,OPBK
-,3.34,1.33,18.18%,11.64M,2.09%,52.19M,6.17,18.03%,-0.05%,9.61M,-5.91%,13.13M,-,0.17,10.34%,0.35%,-10.46%,64.25M,0.81,-54.14%,4.01%,0.84,-2.61%,8.87,0.50,1.52%,0.03M,-1.31%,-,-,-,15.16%,4.00 - 5.90,-6.70%,-,3.57,-,12.44%,-24.73%,0.27,-,-,65.66%,-,11.02%,0.12,-,0.18,59.54%,27.44%,49.34,2.48% 3.07%,73,0.51,63.78%,20.43%,3.00,5.50,No / Yes,0.02,0.60%,0.00%,0.44,4.43,-,5.88%,36.72%,Feb 05 BMO,40.60K,4.44,0.24%,-2.40%,-3.63%,,"4,400",0.25%,OPHC
-,11.40,3.23,8.04%,248.82M,-1.27%,9.14B,10.63,7.39%,-0.23%,228.25M,2.49%,852.50M,-,0.75,71.23%,1.32%,8.36%,8.23B,1.11,6.44%,-1.34%,2.43,13.64%,22.58,1.63,4.05%,3.01M,33.75%,-,-,-,14.17%,27.00 - 39.00,7.73%,-,7.41,-1.55%,11.83%,-5.58%,0.73,1.04 (2.83%),-,3.23%,-,36.37%,0.65,"Mar 10, 2025",0.58,55.56%,13.93%,49.88,2.10% 1.72%,9400,0.28,13.41%,10.36%,2.25,40.50,Yes / Yes,0.28,-39.53%,32.68%,0.29,36.59,-5.27%,29.29%,3.14%,Jan 23 BMO,1.24M,36.83,-0.75%,1.64%,10.01%,,"89,368",0.64%,ORI
-,9.23,10.35,0.82%,64.60M,-2.91%,6.16B,7.46,16.32%,0.00%,63.99M,-11.50%,681.40M,1.34,2.06,93.25%,2.21%,-5.92%,10.76B,0.57,-6.31%,-0.72%,2.00,-2.14%,64.27,1.49,7.35%,1.41M,-16.69%,3.18,30.07,6.87%,17.34%,89.08 - 127.98,0.43%,1.99 (2.09%),22.89,4.74%,13.73%,-25.39%,1.24,1.89 (1.98%),0.76,5.88%,17.80%,7.18%,3.09,"Feb 14, 2025",1.52,13.78%,9.88%,36.69,2.68% 3.17%,18500,0.30,11.36%,6.34%,2.13,130.71,Yes / Yes,0.19,2.11%,17.29%,1.01,95.02,8.47%,19.08%,6.35%,Jan 30 BMO,707.60K,95.48,-5.28%,-5.19%,-8.25%,,"178,233",0.48%,OSK
-,10.51,2.46,2.41%,263.73M,-1.96%,6.82B,6.20,12.01%,0.00%,257.63M,-8.78%,660.74M,2.75,0.77,68.58%,2.08%,-14.75%,5.41B,1.26,-10.88%,-3.75%,5.13,-20.07%,16.04,1.61,4.38%,5.36M,-32.63%,4.25,6.07,3.83%,16.00%,24.86 - 40.55,-8.85%,1.04 (4.05%),10.15,9.94%,6.13%,-36.34%,1.12,1.04 (4.02%),0.85,15.50%,63.61%,3.84%,0.75,"Mar 07, 2025",0.85,423.28%,19.48%,40.97,2.89% 2.45%,22900,1.58,-4.97%,12.21%,2.62,34.99,Yes / Yes,1.55,526.30%,58.70%,1.00,25.11,1.31%,19.82%,-13.05%,Feb 06 AMC,1.04M,25.82,-2.04%,-6.83%,-14.08%,,"259,989",2.81%,OTEX
-,9.51,4.20,0.48%,260.40M,3.58%,10.39B,5.81,29.96%,0.00%,259.07M,-6.53%,1.12B,1.60,1.29,85.26%,2.74%,-3.43%,9.03B,1.15,-9.82%,3.45%,2.46,3.12%,39.67,1.01,5.73%,7.11M,-21.52%,0.16,247.49,5.96%,10.87%,36.62 - 55.95,-1.41%,1.20 (3.01%),7.48,36.26%,7.06%,-28.63%,2.09,1.20 (3.01%),0.51,12.50%,28.83%,9.04%,1.67,"Mar 14, 2025",0.51,-46.85%,21.22%,45.30,3.85% 4.24%,1623,0.61,-15.82%,12.46%,1.72,58.09,Yes / Yes,0.54,-107.42%,28.52%,0.68,38.71,-4.45%,19.08%,-21.90%,Feb 26 AMC,2.89M,39.93,-3.28%,-6.47%,-7.38%,,"491,175",3.15%,OVV
-,7.12,6.14,4.98%,113.15M,-4.06%,4.96B,6.60,10.98%,0.00%,107.79M,-16.76%,700.27M,2.51,1.41,93.25%,15.58%,-7.43%,2.77B,1.79,-2.79%,-0.19%,13.09,10.21%,47.43,0.92,1.98%,16.79M,1.91%,-,-,2.84%,13.21%,37.43 - 53.64,-1.84%,1.72 (3.94%),6.71,13.22%,11.27%,-18.51%,1.04,1.20 (2.75%),-,19.21%,-,16.78%,1.43,"Jan 14, 2025",0.12,4.64%,33.57%,34.48,3.43% 3.08%,3028,0.17,23.25%,25.24%,2.78,53.88,Yes / Yes,0.09,3.81%,25.72%,0.34,42.94,1.26%,8.60%,8.26%,Jan 16 AMC,1.28M,43.71,-6.66%,-8.65%,-1.88%,,"110,241",1.79%,OZK
-,10.73,13.74,72.44%,66.77M,-12.85%,9.84B,10.10,4.81%,-0.02%,18.40M,-10.44%,918.90M,-,3.23,24.21%,5.14%,-10.01%,30.46B,0.32,1.41%,0.69%,4.67,-0.67%,78.02,1.89,5.43%,0.95M,-4.09%,1.08,135.94,-,18.50%,142.32 - 180.12,-3.27%,5.07 (3.44%),19.88,21.07%,10.52%,-18.14%,1.01,4.44 (3.01%),0.20,6.27%,15.94%,3.60%,5.04,"Feb 24, 2025",0.91,-11.22%,3.70%,29.47,4.01% 2.77%,28900,0.83,3.14%,3.02%,2.55,182.67,Yes / Yes,0.68,24.71%,29.77%,1.09,149.04,1.59%,7.32%,6.16%,Feb 13 BMO,202.58K,147.45,-10.50%,-9.28%,-7.16%,,"55,389",-1.07%,PAG
RUT,6.43,1.21,36.79%,329.61M,3.60%,2.56B,5.46,13.89%,0.00%,208.35M,2.64%,392.46M,0.82,0.29,48.11%,7.98%,9.73%,3.40B,0.75,4.02%,-7.06%,3.57,-15.25%,8.50,0.92,3.39%,16.63M,-43.21%,0.70,11.19,7.89%,15.39%,6.11 - 14.82,24.28%,-,-,3.32%,9.27%,-47.50%,1.83,-,1.51,21.59%,47.64%,27.33%,0.35,-,1.51,20.41%,32.47%,56.46,3.64% 4.68%,8613,1.96,8.26%,11.53%,2.24,9.80,Yes / Yes,0.78,7.01%,0.00%,0.58,7.49,7.30%,8.22%,-0.62%,Feb 20 AMC,4.66M,7.78,1.51%,7.21%,-16.21%,,"673,745",3.87%,PAGS
RUT,11.80,0.47,55.42%,46.90M,10.80%,359.88M,8.64,857.11%,0.00%,28.96M,7.99%,21.57M,-,-0.06,40.10%,2.35%,0.00%,521.26M,0.69,-89.69%,0.55%,3.09,-12.62%,7.09,0.78,2.93%,0.68M,-33.73%,1.43,3.86,-,6.57%,4.69 - 8.32,3.36%,0.40 (7.22%),28.61,6.88%,3.65%,-33.41%,0.67,0.40 (7.22%),1.73,12.31%,13.20%,18.12%,0.20,"Feb 28, 2025",2.05,-47.66%,8.58%,62.79,3.42% 2.90%,651,0.87,5.24%,4.14%,1.00,8.95,Yes / Yes,0.78,-73.45%,69.11%,4.91,4.84,18.52%,224.54%,12.90%,Mar 13 AMC,220.02K,5.54,8.65%,4.92%,-12.46%,,"270,002",14.46%,PANL
-,11.74,1.12,0.01%,3.72B,1.50%,48.99B,4.51,-4.12%,0.00%,3.72B,-3.83%,7.24B,0.14,0.85,19.07%,1.01%,-6.41%,91.37B,0.54,519.21%,-2.17%,2.53,-7.89%,9.19,1.43,3.63%,37.52M,-8.30%,2.03,6.49,82.13%,10.52%,12.45 - 16.67,2.37%,1.84 (14.01%),2.27,-2.65%,6.67%,-21.01%,1.07,2.10 (15.98%),0.48,9.45%,47.28%,5.74%,0.36,"Dec 27, 2024",0.69,-70.65%,31.62%,44.44,2.28% 2.48%,49185,1.02,-10.81%,7.92%,1.67,16.76,Yes / Yes,0.83,-146.88%,72.02%,1.03,12.73,-3.56%,-195.03%,-23.32%,Feb 26 BMO,14.81M,13.16,-3.41%,-3.77%,-5.65%,,"3,820,565",3.42%,PBR
-,10.88,1.12,0.00%,2.72B,1.58%,32.27B,4.15,-4.43%,-,2.65B,-3.02%,7.24B,0.13,0.92,7.37%,0.44%,-6.40%,91.37B,0.35,526.31%,-,2.43,-5.84%,9.19,1.33,3.63%,11.67M,-13.36%,2.85,4.27,83.18%,10.52%,11.52 - 15.76,3.04%,2.00 (16.38%),1.50,-2.65%,6.67%,-22.57%,1.12,2.10 (17.21%),0.48,9.45%,47.28%,5.90%,0.30,"Nov 22, 2023",0.69,-70.65%,31.62%,46.65,1.77% 2.13%,49185,1.02,-10.81%,7.92%,1.25,16.64,Yes / Yes,0.83,-146.88%,48.75%,1.52,11.84,-3.56%,-185.88%,-23.32%,Feb 26 BMO,4.79M,12.20,-2.55%,-2.13%,-5.03%,,"1,814,778",3.04%,PBR-A
RUT,5.57,0.61,21.66%,49.11M,-3.11%,168.73M,10.74,-20.83%,-0.57%,38.86M,21.90%,30.28M,-,-0.02,53.93%,8.12%,12.62%,230.47M,0.73,-35.48%,-11.63%,5.71,36.04%,1.88,1.81,13.60%,3.16M,-36.43%,2.04,1.67,-14.81%,41.60%,2.22 - 6.05,11.51%,-,4.34,-,26.25%,-43.83%,1.26,-,1.45,-2.73%,72.06%,52.85%,0.20,-,1.54,34.91%,13.44%,56.76,5.61% 6.49%,172,0.80,-2.19%,13.14%,3.00,4.33,Yes / Yes,0.25,52.98%,0.00%,0.24,3.34,12.54%,349.83%,-18.15%,Feb 27 AMC,552.91K,3.40,6.27%,9.80%,11.47%,,"33,300",1.83%,PBYI
"NDX, S&P 500",12.53,7.90,1.81%,524.40M,-10.02%,51.97B,11.11,19.46%,-2.35%,515.29M,-3.95%,4.16B,-,1.63,70.39%,1.79%,-11.69%,33.65B,1.54,-5.54%,1.38%,3.60,8.09%,33.38,2.97,9.88%,9.25M,-11.24%,18.75,5.28,-0.47%,24.93%,87.53 - 122.00,-4.79%,4.17 (4.21%),17.95,11.52%,15.23%,-18.82%,0.94,1.20 (1.22%),0.93,7.79%,19.34%,13.15%,3.28,"Feb 12, 2025",1.10,-9.76%,15.56%,37.78,4.32% 2.91%,30100,0.91,-4.29%,12.37%,2.52,117.34,Yes / Yes,0.56,-38.60%,15.56%,1.01,98.42,-2.99%,-1.79%,-13.10%,Jan 28 BMO,2.57M,99.04,-5.85%,-7.37%,-3.56%,,"645,627",0.62%,PCAR
RUT,10.92,1.74,21.93%,14.38M,0.26%,270.78M,8.16,14.24%,1.84%,11.14M,-5.24%,24.95M,-,0.49,39.24%,0.28%,-12.21%,191.91M,1.41,17.05%,9.17%,1.24,5.74%,20.49,0.93,0.88%,0.03M,20.43%,-,-,-,7.23%,14.50 - 22.20,-6.23%,0.75 (3.97%),7.88,3.16%,6.28%,-14.50%,0.46,0.74 (3.90%),-,14.13%,-,30.90%,0.48,"Feb 14, 2025",0.21,-18.09%,18.91%,46.06,2.27% 2.40%,262,0.09,18.57%,13.00%,3.00,22.50,Yes / Yes,0.09,12.76%,41.38%,0.06,18.53,1.06%,0.00%,13.60%,Jan 30 AMC,25.20K,18.98,-1.30%,-2.28%,1.87%,,402,2.43%,PCB
S&P 500,14.30,1.15,0.57%,2.19B,3.35%,36.20B,10.12,8.91%,-1.95%,2.18B,2.96%,2.48B,1.51,0.40,94.85%,1.56%,-16.98%,24.42B,1.48,10.12%,4.15%,1.46,-16.01%,13.02,1.27,1.78%,34.12M,1.13%,0.55,29.85,9.48%,9.10%,14.99 - 21.72,-18.21%,0.10 (0.58%),-,-,2.94%,-24.01%,0.72,0.06 (0.33%),1.00,7.45%,18.78%,10.11%,0.41,"Mar 31, 2025",1.05,6.80%,18.78%,55.22,2.47% 2.49%,28410,1.94,-0.04%,10.14%,1.74,20.87,Yes / Yes,1.79,-30.35%,4.77%,0.35,16.40,-8.14%,-0.06%,-5.82%,Feb 13 BMO,23.31M,16.50,3.00%,-0.19%,-11.28%,,"2,040,869",0.64%,PCG
-,7.99,5.63,5.03%,13.78M,-3.19%,613.25M,6.47,19.66%,0.00%,12.96M,-20.04%,81.51M,0.41,1.68,51.59%,1.45%,-25.81%,1.39B,0.44,5.67%,-1.06%,1.85,-28.02%,84.65,0.53,3.57%,0.19M,-26.79%,3.76,11.96,19.70%,6.90%,43.00 - 79.07,-26.38%,-,3.23,75.45%,4.61%,-43.14%,1.57,-,1.35,8.60%,18.12%,4.56%,1.95,"Nov 04, 2015",1.48,-62.77%,11.16%,29.67,4.68% 3.94%,-,0.53,-3.17%,5.87%,1.44,83.36,Yes / Yes,0.52,-89.34%,0.00%,0.64,43.37,-3.21%,-33.56%,-10.04%,Feb 12 AMC,101.16K,44.96,-8.23%,-20.32%,-29.15%,,"16,106",3.67%,PDS
RUT,8.91,3.32,3.69%,35.47M,-3.13%,1.05B,8.73,5.52%,-1.68%,34.35M,-9.03%,116.63M,-,0.73,58.27%,1.62%,-14.95%,621.18M,1.70,-6.84%,2.23%,4.07,-0.45%,31.34,0.94,1.27%,0.56M,6.43%,-,-,-,10.77%,26.74 - 37.07,-6.74%,1.62 (5.47%),7.77,4.69%,8.59%,-20.28%,0.64,1.60 (5.41%),-,23.08%,-,10.53%,0.87,"Feb 03, 2025",0.07,-3.25%,24.09%,32.50,3.36% 2.77%,1479,0.40,17.88%,18.78%,2.43,36.92,Yes / Yes,0.22,-21.01%,48.10%,0.33,29.20,3.39%,14.13%,3.55%,Jan 21 BMO,136.49K,29.56,-5.10%,-6.85%,-6.16%,,"11,150",1.22%,PEBO
S&P 500,12.26,6.68,0.73%,226.23M,-4.38%,18.47B,8.83,10.20%,0.00%,223.93M,-3.63%,1.57B,0.92,1.90,72.91%,1.78%,1.39%,16.13B,1.14,20.66%,-0.69%,2.67,3.65%,49.01,1.67,0.54%,4.00M,2.57%,-,-,13.29%,14.28%,72.21 - 91.97,5.75%,3.03 (3.70%),4.07,6.12%,10.64%,-11.00%,1.03,2.91 (3.55%),-,1.30%,-,13.36%,1.95,"Mar 12, 2025",0.42,171.70%,11.72%,42.15,2.65% 2.13%,19700,0.39,18.02%,9.74%,2.88,87.86,Yes / Yes,0.33,206.22%,42.69%,0.26,80.54,0.57%,0.76%,76.60%,Feb 06 AMC,1.50M,81.86,-4.08%,-1.11%,-0.48%,,"98,818",1.64%,PFG
-,8.97,2.61,-,216.06M,-5.19%,5.07B,8.08,3.20%,-,216.06M,2.20%,564.74M,1.90,-,3.28%,0.07%,2.65%,3.79B,1.34,9.27%,0.75%,2.24,-10.24%,9.19,2.55,5.19%,0.16M,-8.84%,0.88,26.64,4.72%,29.05%,21.00 - 29.05,5.89%,1.81 (7.73%),81.66,5.35%,7.77%,-19.26%,0.82,1.71 (7.27%),0.34,3.14%,61.34%,11.69%,0.57,"Mar 12, 2025",0.36,17.96%,23.38%,47.29,2.41% 2.19%,14899,2.91,-0.15%,14.92%,1.42,29.84,No / Yes,2.64,418.07%,47.59%,0.39,23.50,-1.26%,-4.62%,-1.25%,Feb 28 BMO,70.13K,23.45,-1.68%,1.29%,-4.58%,,"6,889",-0.19%,PHI
S&P 500,6.93,14.71,0.74%,202.91M,-5.56%,20.63B,7.44,11.23%,-1.39%,200.96M,-3.86%,3.08B,3.83,2.47,93.91%,2.34%,-18.69%,17.95B,1.15,-16.22%,-0.61%,2.08,-22.47%,59.74,1.71,18.43%,4.71M,-9.14%,8.17,12.48,1.81%,27.40%,100.54 - 149.47,-6.42%,0.86 (0.84%),13.13,32.08%,22.30%,-31.82%,1.44,0.82 (0.80%),0.79,12.25%,29.04%,1.36%,3.24,"Mar 18, 2025",5.72,25.66%,21.67%,40.28,3.51% 3.04%,6793,0.19,11.74%,17.18%,1.88,137.85,Yes / Yes,0.14,34.88%,5.58%,0.50,101.09,6.18%,36.01%,14.63%,Jan 30 BMO,2.26M,101.91,-2.58%,-6.36%,-16.39%,,"281,456",0.81%,PHM
-,11.03,1.02,2.89%,202.55M,-9.56%,2.26B,14.78,11.75%,0.34%,196.20M,-11.84%,212.00M,-,0.09,100.30%,10.58%,-26.21%,2.60B,0.87,-32.84%,0.39%,5.56,-15.62%,18.00,0.62,2.28%,20.75M,-33.24%,2.18,5.14,-1.34%,5.68%,10.87 - 17.49,-20.36%,1.00 (8.94%),9.16,-6.81%,2.53%,-35.94%,1.72,0.92 (8.20%),-,15.53%,18.78%,3.08%,0.42,"Mar 31, 2025",-,122.68%,12.97%,31.36,4.95% 3.34%,91,1.31,-3.67%,8.16%,2.17,16.07,Yes / Yes,1.30,-63.63%,99.05%,0.82,10.90,3.05%,536.18%,-4.87%,Feb 19 AMC,3.73M,11.20,-8.15%,-13.65%,-19.73%,,"765,797",2.80%,PK
RUT,7.59,2.88,33.34%,14.23M,-9.07%,310.95M,6.10,7.03%,-0.50%,9.49M,-13.74%,37.90M,-,0.83,52.06%,1.82%,-29.90%,1.66B,0.19,-6.82%,4.83%,6.71,-22.05%,23.24,0.94,3.12%,0.17M,-9.75%,3.73,5.86,-,13.81%,21.00 - 34.50,-16.83%,-,-,1.60%,3.87%,-36.67%,1.10,0.50 (2.29%),1.14,1.30%,16.99%,4.05%,1.00,"Feb 07, 2025",2.32,359.71%,5.37%,36.71,5.43% 3.95%,6300,2.02,-0.21%,2.29%,3.00,15.50,Yes / Yes,1.96,140.61%,14.81%,0.12,21.28,-4.30%,8.06%,-0.23%,Mar 05 AMC,25.77K,21.85,-7.17%,-10.54%,-20.74%,,710,2.68%,PKOH
RUT,9.03,2.35,3.70%,63.56M,-2.12%,1.35B,9.44,12.50%,-9.92%,61.21M,-4.49%,147.36M,-,0.48,90.97%,4.16%,-16.07%,862.75M,1.57,-2.44%,4.13%,4.52,-7.41%,18.09,1.17,8.96%,2.54M,-28.01%,10.10,2.10,-,13.70%,19.61 - 31.60,-9.80%,-,7.69,36.44%,13.07%,-32.75%,1.38,-,5.31,9.84%,36.19%,8.36%,0.77,-,5.66,5.95%,25.07%,46.84,3.47% 3.75%,1878,0.00,-3.85%,17.08%,1.00,35.00,Yes / Yes,0.00,61.79%,0.00%,0.67,20.76,1.02%,10.64%,-1.94%,Feb 26 BMO,562.21K,21.25,0.08%,-5.57%,-11.59%,,"94,063",2.36%,PLAB
RUT,8.52,2.03,1.92%,38.50M,-10.52%,664.76M,5.86,47.85%,14.69%,37.76M,-28.69%,85.20M,1.15,0.72,126.61%,18.14%,-53.08%,2.20B,0.30,-30.82%,0.66%,4.24,-44.75%,5.89,2.93,2.23%,6.85M,-72.40%,0.22,77.30,7.44%,38.89%,17.01 - 69.82,-40.85%,-,-,-0.36%,2.49%,-75.27%,1.86,-,0.19,48.47%,18.38%,1.47%,1.43,"Jan 09, 2020",0.29,-23.41%,13.07%,30.16,9.72% 6.70%,23258,14.45,1.26%,3.88%,2.40,38.43,Yes / Yes,14.09,-572.11%,0.00%,0.70,17.43,-2.32%,-110.68%,-2.98%,Dec 10 AMC,1.61M,17.26,-18.63%,-30.19%,-48.21%,,"282,792",-0.95%,PLAY
RUT,10.48,2.33,3.26%,23.09M,-5.16%,563.76M,10.85,21.84%,0.56%,22.34M,-4.46%,54.64M,-,-0.06,92.80%,2.06%,-4.79%,568.50M,0.99,25.62%,-1.40%,2.84,-9.15%,11.44,2.13,8.78%,0.46M,0.13%,0.22,110.11,-,22.04%,21.31 - 30.98,3.31%,1.18 (4.83%),17.06,2.14%,11.49%,-21.19%,1.17,1.18 (4.83%),1.40,0.56%,24.51%,14.55%,0.75,"Mar 18, 2025",3.39,137.74%,8.38%,38.76,2.94% 3.06%,1673,0.84,0.06%,9.61%,2.00,33.67,Yes / Yes,0.80,8.44%,49.90%,0.26,24.13,-7.53%,25.81%,6.93%,Feb 24 AMC,162.41K,24.41,-5.38%,-3.52%,-4.30%,,"10,430",1.17%,PLOW
-,10.64,0.44,82.01%,375.30M,-10.67%,1.74B,7.30,16.75%,-0.83%,67.50M,-36.71%,162.20M,0.66,0.12,16.74%,7.63%,-43.83%,2.55B,0.68,23.88%,7.08%,4.62,-36.71%,-0.35,-,4.76%,5.15M,-34.67%,1.51,3.07,16.17%,-,4.62 - 9.15,-33.07%,0.26 (5.60%),3.88,-9.18%,6.96%,-49.26%,0.99,0.40 (8.61%),1.54,6.74%,72.85%,0.55%,0.26,"Mar 21, 2025",1.54,-31.96%,19.43%,18.73,5.36% 4.47%,3500,-,-0.69%,6.36%,2.46,7.93,Yes / Yes,-,-144.23%,91.76%,0.95,4.63,2.73%,-122.59%,1.94%,Feb 27 BMO,1.11M,4.65,-20.65%,-29.90%,-38.18%,,"263,494",0.33%,PLTK
RUT,10.85,1.33,1.53%,86.86M,-2.10%,1.26B,9.10,3.59%,-0.95%,85.53M,6.09%,118.74M,1.73,0.38,68.97%,4.75%,6.72%,1.36B,0.93,11.87%,1.75%,5.03,4.71%,16.08,0.90,1.17%,4.06M,0.63%,5.08,2.85,6.26%,8.24%,11.77 - 15.22,14.77%,1.60 (11.07%),-,-10.82%,2.59%,-5.06%,1.14,1.60 (11.07%),-,428.00%,89.06%,22.82%,0.27,"Apr 11, 2025",-,-23.98%,75.80%,58.82,2.57% 1.79%,7,6.24,-16.66%,8.76%,2.50,14.46,Yes / Yes,1.37,-5.41%,116.98%,0.26,14.26,14.88%,14.69%,-64.59%,Jan 30 AMC,808.25K,14.45,1.04%,7.36%,5.72%,,"52,710",1.33%,PMT
S&P 500,12.48,13.75,0.42%,395.94M,-4.57%,67.89B,9.80,14.11%,-3.77%,394.08M,-12.29%,5.50B,0.98,3.44,84.63%,1.06%,-16.08%,33.91B,2.00,11.69%,0.15%,1.98,-3.14%,122.94,1.40,1.04%,4.17M,13.63%,-,-,12.75%,11.10%,143.52 - 216.26,-11.04%,6.56 (3.82%),8.50,3.84%,5.53%,-20.67%,1.05,6.35 (3.70%),-,10.78%,-,19.54%,4.65,"Jan 15, 2025",0.15,7.51%,19.13%,29.70,2.98% 2.38%,53686,1.19,7.24%,16.21%,2.16,220.14,Yes / Yes,0.83,104.39%,45.85%,0.46,168.84,1.12%,13.07%,6.90%,Jan 16 BMO,2.11M,171.56,-6.53%,-10.61%,-6.60%,,"243,443",1.61%,PNC
RUT,14.71,3.02,0.57%,109.34M,-0.27%,4.87B,13.20,4.37%,-1.39%,108.88M,6.16%,313.00M,4.04,1.14,99.16%,3.45%,-2.54%,3.17B,1.54,2.68%,1.09%,3.22,-7.11%,34.70,1.28,2.58%,3.76M,6.83%,0.11,405.44,3.64%,8.80%,40.05 - 49.85,1.86%,2.08 (4.69%),-,4.69%,3.59%,-10.87%,0.51,1.98 (4.45%),0.81,8.97%,27.00%,10.94%,0.85,"Mar 24, 2025",0.92,29.07%,8.75%,56.17,2.06% 2.05%,2915,1.35,15.67%,9.88%,2.25,48.33,Yes / Yes,1.30,-48.30%,65.72%,0.48,44.31,24.21%,3.81%,12.57%,Feb 14 BMO,1.17M,44.43,0.79%,4.17%,-1.84%,,"138,492",0.27%,POR
RUT,13.12,13.17,21.85%,12.06M,6.10%,2.08B,11.68,5.74%,-2.86%,9.43M,-17.49%,160.53M,-,3.44,89.96%,18.15%,-30.83%,1.06B,1.97,13.89%,-2.09%,3.31,6.33%,41.14,4.20,18.66%,1.71M,8.71%,30.95,5.58,-,37.22%,122.00 - 364.98,-22.04%,-,42.63,70.63%,32.29%,-52.65%,0.66,1.06 (0.61%),1.70,16.05%,26.84%,41.64%,12.65,"Feb 19, 2025",1.92,105.52%,17.78%,42.22,6.73% 6.95%,3187,0.00,38.27%,15.15%,2.00,269.50,Yes / Yes,0.00,44.60%,8.60%,0.43,166.67,3.79%,9.44%,24.44%,Feb 06 AMC,517.16K,172.80,0.11%,-19.66%,-17.67%,,"55,938",3.68%,POWL
-,11.14,4.57,82.59%,237.12M,-6.86%,12.06B,11.85,-11.33%,-0.00%,41.28M,1.08%,1.09B,-,1.31,20.97%,18.66%,4.31%,17.87B,0.68,-10.68%,3.52%,6.36,21.09%,17.88,2.85,10.62%,7.70M,52.40%,8.66,5.87,-,28.70%,32.82 - 57.16,12.08%,-,7.97,20.13%,14.22%,-11.00%,0.67,-,1.31,9.75%,12.82%,55.00%,2.00,"May 06, 2016",2.01,237.51%,9.77%,46.03,5.28% 4.24%,61600,0.82,2.93%,6.08%,2.89,49.29,Yes / Yes,0.80,74.73%,0.00%,0.67,50.27,-6.57%,17.29%,-3.54%,Feb 12 AMC,1.21M,50.87,-4.49%,2.51%,12.03%,,"201,750",1.20%,PPC
RUT,14.91,1.03,1.44%,51.16M,-0.13%,785.77M,14.51,14.55%,0.00%,50.42M,5.79%,52.74M,-,0.19,83.74%,0.99%,-7.91%,1.15B,0.68,-2.71%,-0.29%,2.32,21.62%,23.49,0.65,1.02%,0.50M,28.97%,-,-,-,4.56%,10.76 - 17.79,-3.46%,-,-,123.13%,3.21%,-13.66%,0.18,-,-,3.70%,-,42.75%,0.51,"Mar 28, 2023",0.19,238.44%,7.81%,52.25,3.48% 3.34%,1036,0.37,1.16%,4.58%,2.67,18.25,Yes / Yes,0.37,152.68%,0.00%,0.27,15.35,4.29%,113.90%,-2.31%,Feb 24 AMC,214.72K,15.36,1.26%,1.82%,6.75%,,"14,256",0.07%,PRA
RUT,10.64,1.78,3.27%,39.51M,-4.47%,750.68M,6.87,12.06%,0.00%,38.22M,-18.14%,70.60M,-,0.52,95.21%,1.49%,-10.17%,1.14B,0.66,37.85%,0.89%,1.92,-6.08%,28.73,0.66,1.49%,0.57M,-22.45%,2.72,6.99,-,6.13%,18.09 - 28.64,-9.05%,-,-,-1.14%,1.58%,-33.66%,1.55,-,-,3.76%,68.43%,5.03%,0.88,"May 07, 2007",-,183.90%,32.31%,31.25,5.08% 4.50%,3115,3.11,39.47%,6.21%,2.00,30.67,Yes / Yes,2.95,307.82%,0.00%,0.36,18.82,6.32%,6.21%,32.02%,Feb 19 AMC,297.68K,19.00,-9.21%,-11.03%,-11.75%,,"26,504",0.96%,PRAA
RUT,5.82,4.56,3.17%,40.82M,-5.88%,1.08B,6.71,17.77%,-11.47%,39.52M,-37.70%,197.25M,0.49,0.85,101.04%,4.27%,-44.19%,2.46B,0.44,-1.68%,1.47%,3.23,-40.69%,15.93,1.66,13.13%,1.69M,-17.07%,2.34,11.31,11.76%,31.77%,26.02 - 50.28,-37.30%,0.48 (1.81%),8.31,57.49%,15.11%,-47.31%,1.95,0.48 (1.81%),3.46,2.93%,33.10%,1.83%,1.41,"Mar 13, 2025",10.76,55.85%,10.14%,27.41,3.86% 4.96%,1403,1.01,2.29%,8.01%,1.71,43.33,Yes / Yes,1.01,226.30%,10.60%,0.59,26.18,1.74%,4.58%,7.95%,Feb 19 BMO,521.95K,26.50,-10.11%,-28.96%,-36.22%,,"76,569",1.20%,PRG
RUT,11.95,3.87,1.99%,55.03M,-6.38%,2.54B,8.91,9.87%,-0.89%,53.93M,-9.83%,227.50M,0.81,-0.20,127.34%,9.50%,-18.84%,1.73B,1.47,24.52%,1.10%,5.64,-7.32%,-8.39,-,8.75%,5.12M,-10.29%,2.11,21.94,14.78%,-,44.72 - 60.83,-17.76%,-,10.97,27.98%,12.06%,-24.03%,1.60,-,0.54,38.79%,38.81%,3.33%,2.05,"Sep 27, 2016",0.65,6.29%,26.35%,33.73,4.73% 4.43%,3300,-,-0.07%,13.19%,2.33,62.55,Yes / Yes,-,-18.79%,0.00%,0.56,45.66,0.83%,-22.15%,-1.18%,Feb 26 BMO,907.34K,46.21,-8.79%,-11.95%,-12.54%,,"126,061",1.20%,PRKS
S&P 500,14.29,7.48,0.22%,354.57M,-3.98%,37.81B,7.04,6.52%,193.81%,353.23M,-3.61%,2.69B,1.49,3.42,61.45%,1.79%,-11.90%,70.41B,0.54,12.90%,3.79%,3.73,-6.90%,78.61,1.36,0.37%,6.31M,-4.41%,-,-,9.58%,9.79%,104.44 - 130.55,-9.89%,5.37 (5.03%),4.45,-5.79%,5.52%,-18.19%,1.11,5.25 (4.92%),-,3.58%,-,2.26%,2.69,"Feb 18, 2025",2.39,11.22%,4.56%,38.52,2.87% 2.18%,38196,1.03,34.25%,3.83%,2.95,125.29,Yes / Yes,0.75,-104.32%,69.33%,0.47,105.04,-4.00%,-8.74%,-7.58%,Feb 04 AMC,1.70M,106.81,-2.99%,-6.67%,-10.11%,,"197,842",1.69%,PRU
-,1.40,1.08,17.96%,12.43M,-0.94%,18.90M,1.22,31.58%,0.00%,10.20M,-3.15%,41.90M,0.11,0.20,4.71%,7.63%,-11.08%,87.45M,0.22,-14.41%,-10.72%,12.36,-17.81%,21.40,0.07,13.96%,0.78M,-21.21%,5.74,0.27,12.73%,17.20%,1.48 - 2.58,-18.25%,-,-,-,12.98%,-41.06%,0.07,-,5.56,137.05%,57.31%,2.74%,0.06,"Oct 29, 2020",5.61,-33.68%,47.82%,42.01,3.29% 3.52%,209,0.17,-19.73%,47.91%,1.00,5.75,No / Yes,0.17,-59.81%,0.00%,0.35,1.53,-2.99%,-9.26%,-9.07%,Feb 20 BMO,62.98K,1.52,-3.63%,-9.05%,-20.07%,,"5,283",-0.62%,PSHG
-,12.52,2.36,74.77%,22.99M,7.76%,680.33M,10.38,10.04%,-0.72%,5.80M,-24.10%,54.36M,-,0.80,8.23%,2.91%,10.37%,436.42M,1.56,121.37%,3.72%,0.53,57.34%,1.83,16.15,16.87%,0.17M,1308.57%,1.90,15.58,-,364.82%,2.00 - 45.74,-0.57%,-,20.55,-,84.89%,-35.33%,0.76,-,0.62,-3.36%,28.27%,1379.00%,3.40,-,1.02,99.28%,15.76%,43.23,9.36% 10.37%,700,3.85,-11.16%,12.46%,1.00,55.00,No / Yes,0.52,121.72%,0.00%,0.90,28.74,1.32%,25.00%,8.59%,Nov 07 AMC,315.83K,29.58,-6.95%,-16.12%,32.69%,,"70,623",2.92%,PSIX
-,5.14,12.28,0.71%,55.62M,-13.06%,3.51B,5.29,2.03%,-0.80%,55.24M,-18.69%,713.10M,0.52,3.23,105.52%,5.38%,-42.21%,8.77B,0.40,9.54%,3.82%,3.17,-32.16%,95.07,0.66,6.36%,2.97M,-52.29%,10.06,6.28,9.95%,13.79%,63.79 - 141.15,-40.28%,0.16 (0.25%),4.91,2.18%,8.92%,-55.26%,1.88,0.15 (0.24%),0.69,0.26%,59.86%,-1.00%,3.02,"Mar 05, 2025",1.29,45.23%,10.56%,19.13,5.01% 3.72%,29000,0.66,-4.83%,8.13%,2.12,117.46,Yes / Yes,0.51,-11.86%,1.39%,1.01,63.98,1.40%,15.54%,-4.56%,Dec 04 AMC,937.96K,63.15,-13.85%,-25.34%,-35.89%,,"236,621",-1.30%,PVH
-,4.26,0.79,57.01%,10.54M,-2.88%,35.86M,2.15,70.65%,0.00%,4.57M,-10.73%,9.62M,-,0.13,1.76%,0.85%,-9.41%,51.54M,0.70,-21.37%,-20.37%,1.72,-32.87%,8.86,0.38,7.25%,0.04M,-24.78%,3.59,0.94,-,13.55%,3.24 - 5.53,-14.25%,-,-,-,5.65%,-39.06%,-0.17,-,3.61,25.78%,41.45%,3.91%,0.11,-,3.76,61.99%,32.45%,36.75,2.73% 2.95%,-,0.91,13.36%,18.67%,1.00,10.00,No / Yes,0.82,-112.90%,0.00%,1.97,3.28,14.62%,-72.73%,-9.16%,Mar 13 AMC,22.54K,3.37,-3.89%,-9.15%,-24.50%,,"11,189",2.74%,PXS
-,2.61,1.05,11.73%,34.59M,11.34%,95.12M,7.96,2.04%,0.00%,30.53M,6.59%,58.07M,-,0.06,0.81%,0.07%,-3.51%,483.77M,0.20,7.89%,-8.14%,0.22,71.05%,1.78,1.55,29.48%,0.02M,5.98%,4.81,0.57,-,81.91%,1.38 - 5.85,27.31%,-,-,-,63.62%,-52.97%,-0.13,0.00 (0.00%),1.80,28.49%,84.37%,98.98%,0.20,"Oct 30, 2024",1.82,124.14%,13.80%,61.82,11.25% 8.03%,827,0.07,-1.58%,12.00%,3.00,3.79,No / Yes,0.00,19.82%,0.00%,1.69,2.75,2.04%,75.66%,-25.49%,Mar 11 BMO,104.62K,2.75,9.51%,17.36%,23.28%,,"44,572",0.00%,QSG
-,12.43,11.04,3.17%,42.08M,-9.02%,5.73B,8.74,16.20%,-2.08%,40.75M,-15.80%,486.00M,0.79,2.43,90.51%,2.90%,-16.33%,12.64B,0.45,12.55%,1.35%,3.20,3.45%,74.07,1.85,3.00%,1.18M,20.56%,3.69,37.19,15.73%,15.71%,106.88 - 171.78,-12.53%,2.93 (2.14%),-,-,4.59%,-20.12%,1.11,3.14 (2.29%),0.75,7.75%,19.17%,28.37%,5.01,"Feb 18, 2025",0.75,25.82%,7.88%,26.70,4.23% 3.33%,50700,2.85,7.25%,3.85%,2.12,180.00,Yes / Yes,2.39,13.89%,27.50%,0.89,136.38,-3.69%,2.18%,5.49%,Feb 12 BMO,369.27K,137.21,-12.27%,-13.49%,-6.12%,,"82,899",0.61%,R
RUT,11.61,1.46,5.75%,17.72M,-2.47%,300.26M,8.90,17.65%,-1.04%,16.68M,-5.35%,26.66M,-,0.38,48.25%,0.46%,-27.51%,232.00M,1.29,10.20%,5.06%,1.80,-22.51%,28.66,0.59,0.66%,0.08M,-2.02%,-,-,-,5.23%,16.38 - 25.30,-17.18%,0.64 (3.79%),34.79,-5.24%,3.06%,-32.92%,0.87,0.64 (3.77%),-,8.28%,-,3.63%,0.59,"Jan 31, 2025",0.46,-34.45%,12.41%,34.37,2.71% 3.37%,376,0.72,-1.75%,11.49%,3.00,20.20,Yes / Yes,0.72,-61.33%,43.64%,0.05,16.81,2.10%,-29.78%,-7.94%,Feb 03 AMC,42.15K,16.97,-2.09%,-8.45%,-18.98%,,559,0.95%,RBB
-,11.89,2.36,29.29%,424.95M,-1.37%,15.03B,7.81,5.48%,0.00%,379.07M,1.08%,1.26B,4.47,0.72,49.14%,1.97%,-18.80%,15.04B,1.00,-2.73%,1.37%,6.79,-30.54%,13.49,2.08,2.47%,7.49M,-35.76%,1.16,24.08,2.66%,16.66%,26.57 - 43.17,-8.75%,1.39 (4.94%),13.20,-4.65%,3.57%,-35.05%,0.65,1.43 (5.11%),0.58,6.25%,24.26%,5.53%,0.64,"Mar 10, 2025",0.63,94.23%,24.26%,47.97,2.57% 2.14%,24000,4.58,5.10%,8.40%,1.78,37.60,Yes / Yes,3.88,63.51%,61.59%,0.21,27.85,1.10%,6.77%,0.06%,Jan 30 BMO,1.10M,28.04,0.02%,-1.32%,-20.65%,,"57,592",0.68%,RCI
RUT,12.19,1.52,6.62%,7.45M,-5.80%,138.04M,6.23,19.48%,-0.70%,6.96M,-21.26%,11.39M,-,0.52,72.14%,1.68%,-17.25%,453.77M,0.30,-1.97%,1.26%,3.02,-38.76%,31.15,0.59,2.40%,0.12M,-29.58%,0.50,37.11,-,5.00%,18.22 - 40.14,-18.77%,-,2.07,-8.30%,3.20%,-53.86%,2.21,0.62 (3.35%),0.88,16.19%,41.17%,1.65%,0.93,"Mar 03, 2025",2.73,8.28%,6.85%,31.59,4.50% 4.69%,2100,0.57,-1.75%,2.51%,3.00,24.00,No / Yes,0.53,-29.27%,40.73%,0.43,18.32,2.20%,-2.06%,1.67%,Feb 25 AMC,38.80K,18.52,-10.73%,-18.37%,-33.38%,,"4,241",1.09%,RCKY
RUT,3.51,0.34,26.68%,198.56M,8.26%,235.95M,2.71,28.89%,-39.04%,146.60M,-9.92%,67.47M,-,0.06,32.77%,8.11%,-17.48%,366.33M,0.64,-3.57%,-5.92%,6.12,-28.48%,4.32,0.27,4.52%,11.89M,-28.92%,0.01,126.18,-,8.20%,1.05 - 2.20,-13.24%,-,6.22,-5.28%,5.42%,-46.31%,1.08,-,0.44,22.75%,65.94%,12.38%,0.07,-,0.48,-38.55%,36.28%,43.45,5.54% 5.48%,115,0.45,1.46%,18.42%,2.33,2.75,Yes / Yes,0.45,-89.04%,0.00%,0.77,1.13,-0.90%,-3.85%,-16.51%,Mar 05 AMC,1.94M,1.18,-4.72%,-11.22%,-24.85%,,"381,293",4.42%,REI
RUT,6.66,4.25,60.15%,21.48M,0.14%,609.03M,4.19,4.32%,-0.63%,8.57M,-15.08%,88.90M,1.16,1.60,32.59%,3.07%,-12.29%,410.18M,1.48,15.92%,6.52%,2.57,11.32%,23.77,1.19,9.14%,0.26M,2.76%,0.61,46.42,5.75%,19.07%,23.14 - 37.55,-11.28%,1.44 (5.08%),5.23,-,11.68%,-24.58%,1.49,1.48 (5.23%),0.51,994.48%,64.96%,22.39%,1.41,"Jan 23, 2025",0.55,-24.19%,47.96%,37.50,5.33% 4.85%,103,0.53,9.37%,21.67%,1.00,52.62,Yes / Yes,0.49,-72.75%,33.81%,0.36,27.84,0.20%,-36.74%,2.87%,Mar 05 AMC,102.35K,28.32,-7.73%,-13.38%,-5.17%,,"9,400",1.72%,REPX
RUT,12.54,0.42,55.73%,214.94M,-1.69%,1.15B,11.82,46.34%,0.00%,95.65M,-11.80%,89.85M,-,0.05,44.27%,19.16%,-13.24%,1.42B,0.81,-28.49%,-3.04%,11.48,-7.50%,5.02,1.06,6.58%,18.33M,-29.55%,1.51,3.53,-,8.55%,5.03 - 8.19,-10.46%,0.10 (1.88%),8.88,-,8.16%,-35.06%,1.29,0.16 (3.01%),3.44,13.43%,17.37%,5.63%,0.25,"Feb 10, 2025",4.03,-52.79%,6.31%,37.48,5.32% 4.20%,2597,0.03,-12.52%,6.35%,3.20,6.50,Yes / Yes,0.02,-68.50%,37.62%,0.52,5.23,2.01%,-19.25%,-15.00%,Jan 30 BMO,1.60M,5.32,-4.77%,-12.10%,-14.47%,,"209,323",1.69%,RES
-,13.88,1.68,74.24%,210.20M,-4.72%,4.89B,13.25,5.69%,0.00%,54.13M,-4.84%,353.00M,3.68,0.23,27.13%,4.21%,-17.75%,3.69B,1.32,-0.44%,-0.84%,3.69,-26.38%,10.19,2.29,7.23%,2.28M,-19.62%,0.65,35.72,3.77%,17.12%,23.20 - 32.65,-13.72%,0.94 (4.04%),13.26,9.29%,9.02%,-28.68%,0.64,0.92 (3.95%),0.99,4.14%,26.42%,0.37%,0.64,"Feb 14, 2025",2.04,18.38%,14.83%,36.12,2.86% 2.52%,6400,0.84,-1.65%,9.56%,2.30,29.78,Yes / Yes,0.83,-12.06%,54.99%,0.41,23.39,2.89%,0.49%,1.39%,Feb 05 BMO,617.51K,23.29,-3.58%,-9.07%,-17.04%,,"65,069",-0.44%,REYN
-,8.86,7.04,0.00%,1.25B,0.05%,78.16B,9.63,-1.48%,-,1.25B,0.48%,11.49B,8.77,-,10.50%,0.66%,-3.83%,53.39B,1.46,-1.81%,-0.33%,2.66,1.85%,34.02,1.83,11.14%,8.29M,-0.61%,7.11,8.77,1.01%,20.93%,57.85 - 74.24,6.00%,3.85 (6.18%),12.23,7.69%,16.76%,-16.03%,0.64,4.02 (6.45%),1.13,5.95%,26.35%,7.76%,1.32,"Mar 07, 2025",1.63,14.59%,26.35%,51.97,1.93% 1.81%,59594,0.25,-0.81%,21.53%,1.57,80.93,Yes / Yes,0.24,15.90%,56.13%,0.82,61.20,-1.81%,-1.66%,-2.10%,Feb 19 AMC,3.12M,62.34,-0.05%,1.73%,-2.29%,,"653,934",1.86%,RIO
-,6.95,1.67,0.54%,520.66M,-1.87%,6.04B,5.58,4.04%,0.00%,517.85M,-2.61%,835.05M,19.87,0.47,49.51%,0.76%,4.12%,4.72B,1.28,-4.81%,-1.74%,1.01,1.57%,12.56,0.92,2.15%,3.93M,4.31%,3.68,3.15,0.35%,12.59%,10.38 - 12.19,7.10%,1.00 (8.62%),-,4.44%,2.06%,-4.89%,1.35,1.00 (8.62%),-,31.67%,95.07%,11.75%,0.22,"Dec 31, 2024",-,52.40%,65.22%,47.27,2.68% 1.74%,6045,4.56,25.16%,17.68%,1.25,13.23,Yes / Yes,4.20,376.20%,59.83%,0.36,11.42,70.36%,36.33%,-22.22%,Feb 06 BMO,3.90M,11.60,-1.81%,0.62%,3.46%,,"355,200",1.57%,RITM
S&P 500,13.87,10.24,10.02%,204.58M,-0.91%,29.11B,11.90,8.20%,-0.45%,184.38M,-11.82%,2.16B,1.43,2.53,75.51%,2.91%,-11.71%,15.37B,1.89,9.76%,-1.48%,4.11,22.52%,57.89,2.45,2.67%,5.37M,19.44%,67.56,2.10,9.72%,19.07%,104.24 - 174.32,-8.54%,1.76 (1.24%),12.31,15.21%,13.90%,-18.51%,0.95,1.85 (1.30%),-,13.50%,84.78%,36.29%,4.13,"Apr 01, 2025",-,28.57%,18.83%,35.41,2.87% 2.67%,23961,0.37,13.79%,14.06%,2.44,179.85,Yes / Yes,0.30,23.22%,18.56%,0.56,139.81,1.74%,9.17%,12.10%,Jan 29 AMC,1.31M,142.06,-4.51%,-10.04%,2.76%,,"185,379",1.61%,RJF
RUT,7.15,4.15,8.81%,10.01M,-6.22%,292.10M,4.30,38.43%,-12.11%,8.97M,-16.52%,41.23M,0.17,0.68,83.86%,2.72%,-12.54%,588.50M,0.50,20.57%,-9.30%,5.18,-4.87%,35.67,0.83,2.15%,0.24M,25.62%,13.80,2.15,42.90%,12.14%,22.89 - 37.52,-12.57%,1.20 (4.04%),1.11,1.73%,2.96%,-20.82%,1.28,1.20 (4.04%),-,10.71%,97.61%,29.79%,1.20,"Feb 20, 2025",-,151.08%,21.85%,33.09,4.54% 3.51%,2131,4.24,6.73%,7.01%,2.33,41.75,Yes / Yes,2.90,221.97%,28.98%,0.14,28.98,2.63%,10.27%,9.30%,Feb 05 AMC,47.14K,29.71,-8.67%,-12.80%,-5.56%,,"1,665",2.52%,RM
RUT,12.98,1.32,14.75%,15.84M,-8.67%,547.09M,10.51,-2.39%,0.00%,14.36M,-6.58%,22.17M,-,0.41,73.20%,2.15%,-23.58%,855.42M,0.64,23.16%,-0.05%,2.06,-29.85%,14.07,1.22,3.36%,0.31M,-26.23%,4.63,3.71,-,9.28%,16.89 - 26.43,-16.76%,1.80 (10.48%),10.47,-21.37%,6.45%,-35.00%,1.06,1.80 (10.48%),-,6.32%,12.68%,1.72%,0.45,"Jan 27, 2025",-,-61.51%,6.85%,32.73,3.60% 2.16%,1000,0.47,-12.10%,2.59%,3.00,24.00,Yes / Yes,0.45,-8.33%,123.22%,1.60,16.91,-18.26%,2.70%,-16.11%,Feb 05 AMC,149.89K,17.18,-4.83%,-8.35%,-23.76%,,"61,052",1.60%,RMR
-,6.76,35.08,4.68%,50.18M,-2.80%,11.67B,6.42,46.27%,-0.25%,46.95M,2.59%,1.81B,-,1.19,101.60%,2.96%,-11.92%,11.66B,1.00,-41.28%,-1.26%,2.56,-7.04%,195.77,1.21,4.18%,1.39M,0.42%,-,-,-2.18%,18.40%,208.98 - 300.00,-4.75%,1.59 (0.67%),2.80,16.66%,14.88%,-21.00%,0.29,1.56 (0.66%),-,25.92%,-,13.41%,5.15,"Mar 14, 2025",0.75,-31.48%,26.15%,47.19,2.10% 2.06%,945,0.19,28.22%,15.50%,2.40,265.09,Yes / Yes,0.15,-112.77%,4.43%,0.38,236.23,-27.22%,14.37%,-29.34%,Jan 28 AMC,541.74K,237.00,0.45%,-2.17%,-4.57%,,"51,733",0.33%,RNR
RUT,10.35,3.26,2.53%,63.57M,-2.72%,2.15B,10.09,83.11%,-0.27%,54.94M,-11.43%,195.46M,-,0.50,104.71%,9.60%,-8.62%,1.09B,1.97,-44.19%,3.75%,8.94,5.93%,42.13,0.80,1.10%,5.28M,11.46%,-,-,-,7.86%,27.98 - 39.63,-5.68%,0.92 (2.72%),18.54,2.59%,6.20%,-14.92%,0.95,0.88 (2.61%),-,9.12%,-,20.51%,0.92,"Mar 17, 2025",0.08,27.09%,23.72%,32.91,2.74% 2.38%,2200,0.22,16.70%,17.95%,1.83,43.83,Yes / Yes,0.18,40.60%,26.90%,0.30,33.29,-0.19%,22.44%,1.17%,Jan 28 AMC,590.05K,33.72,-5.23%,-7.47%,-1.42%,,"44,650",1.29%,RNST
RUT,14.57,4.47,1.54%,30.35M,-2.10%,1.98B,11.79,12.73%,0.00%,29.89M,11.66%,137.34M,-,0.81,99.37%,1.30%,-6.15%,1.31B,1.51,15.22%,-0.95%,1.46,-1.73%,34.53,1.88,10.27%,0.39M,-14.22%,8.88,7.33,-,13.99%,55.31 - 81.90,10.50%,-,12.80,17.54%,12.68%,-20.53%,1.17,-,2.01,8.51%,27.53%,17.67%,2.23,"Dec 30, 2008",2.56,24.50%,12.67%,54.17,3.14% 3.45%,2097,0.04,-5.01%,10.49%,1.00,92.67,Yes / Yes,0.03,137.72%,0.00%,1.21,63.17,-1.91%,11.29%,-8.14%,Feb 19 BMO,266.97K,65.08,0.61%,4.96%,-3.59%,,"82,010",3.03%,ROCK
RUT,14.18,3.73,21.92%,62.60M,-4.64%,4.19B,11.59,18.29%,-1.08%,61.88M,-10.31%,304.15M,-,0.72,80.31%,5.01%,-12.89%,7.80B,0.54,3.63%,-,9.58,10.71%,27.02,1.96,6.77%,3.10M,10.02%,2.87,18.39,-,15.16%,40.99 - 65.43,-3.58%,0.75 (1.42%),23.78,17.29%,11.10%,-19.26%,0.97,0.89 (1.68%),0.36,7.67%,18.74%,28.89%,1.89,"Mar 03, 2025",1.45,-9.80%,5.99%,35.55,3.81% 3.50%,7938,0.81,-1.52%,3.90%,1.00,68.50,Yes / Yes,0.28,-4.56%,18.83%,0.54,52.01,8.18%,8.98%,-0.98%,Feb 18 AMC,323.38K,52.83,-6.59%,-8.82%,-0.93%,,"44,103",1.58%,RUSHA
-,12.41,8.90,0.02%,1.41B,-3.95%,156.11B,11.04,7.24%,0.00%,1.41B,-6.63%,12.61B,7.57,2.21,46.35%,0.87%,-12.23%,98.41B,1.59,8.59%,-2.71%,10.30,-10.35%,59.99,1.84,0.86%,12.35M,9.86%,-,-,1.64%,14.39%,95.84 - 128.05,-8.29%,4.18 (3.78%),-,4.62%,9.40%,-13.69%,0.82,4.10 (3.71%),-,16.78%,-,15.32%,2.38,"Apr 24, 2025",0.62,12.26%,15.28%,36.94,1.94% 1.98%,94838,2.43,9.19%,12.81%,1.33,135.06,Yes / Yes,0.46,34.57%,49.70%,0.62,108.81,5.88%,9.95%,2.27%,Feb 27 BMO,1.20M,110.52,-4.62%,-6.80%,-5.90%,,"188,686",1.57%,RY
-,14.37,3.26,0.06%,540.50M,-2.94%,25.02B,11.93,27.98%,0.00%,533.02M,2.78%,1.82B,2.67,-0.60,46.85%,1.27%,1.40%,14.98B,1.67,-15.54%,-,4.37,4.33%,15.65,3.00,10.69%,6.78M,-15.48%,5.39,8.71,5.39%,21.21%,36.96 - 60.29,7.63%,0.84 (1.80%),16.34,15.29%,17.60%,-22.18%,1.35,0.86 (1.83%),0.86,49.94%,18.76%,26.96%,1.51,"Jan 17, 2025",0.86,-15.92%,12.52%,51.29,3.39% 2.75%,27076,0.33,5.39%,12.14%,2.05,48.68,Yes / Yes,0.22,943.53%,20.75%,1.81,46.40,4.96%,196.27%,8.76%,Jan 27 BMO,1.55M,46.92,0.31%,2.89%,4.60%,,"715,771",1.12%,RYAAY
RUT,9.46,6.17,62.76%,22.08M,-12.31%,1.98B,8.10,15.65%,0.00%,12.61M,-18.65%,216.00M,-,1.42,44.84%,11.28%,-13.13%,14.22B,0.14,11.27%,-3.08%,7.65,9.08%,31.14,1.88,3.84%,1.42M,11.58%,1.30,44.95,-,22.11%,47.82 - 76.78,-7.81%,1.30 (2.23%),-,13.29%,6.88%,-23.94%,1.41,1.25 (2.14%),0.35,6.98%,14.36%,22.12%,2.36,"Mar 14, 2025",1.09,24.64%,3.25%,21.54,4.41% 3.67%,10800,3.89,-1.03%,1.52%,1.89,83.43,Yes / Yes,1.95,49.70%,20.25%,0.55,59.67,7.88%,3.32%,8.67%,Feb 12 BMO,185.91K,58.40,-13.53%,-15.16%,-5.23%,,"26,127",-2.13%,SAH
-,8.06,0.83,0.00%,15.14B,-0.74%,101.57B,6.99,10.59%,-,15.14B,12.77%,13.60B,0.79,0.20,2.57%,0.04%,37.22%,145.94B,0.70,8.25%,0.63%,1.27,41.26%,6.75,0.99,0.70%,5.87M,52.50%,-,-,10.16%,13.16%,4.27 - 6.83,47.15%,0.25 (3.78%),-,16.52%,3.50%,-1.76%,0.82,0.21 (3.13%),-,12.08%,-,57.14%,0.18,"Apr 30, 2025",0.32,19.02%,14.04%,67.69,1.83% 1.93%,206753,5.32,6.56%,9.32%,1.68,6.76,Yes / Yes,2.80,16.68%,19.32%,1.75,6.45,6.23%,15.78%,4.06%,Feb 05 BMO,4.63M,6.71,5.58%,20.10%,33.87%,,"2,068,456",4.03%,SAN
RUT,4.53,0.83,45.95%,105.29M,-0.92%,396.34M,4.26,64.29%,0.00%,56.90M,5.17%,89.38M,0.37,0.05,28.81%,1.87%,-4.44%,307.63M,1.29,-20.94%,-2.27%,1.56,-18.15%,7.90,0.48,7.10%,1.07M,-25.30%,1.22,3.09,12.15%,11.99%,3.31 - 6.33,5.46%,0.19 (5.07%),-,81.06%,6.82%,-40.52%,0.91,0.20 (5.31%),1.74,12.40%,45.56%,13.75%,0.12,"Mar 03, 2025",1.91,35.92%,36.78%,53.11,2.51% 3.40%,1104,0.65,8.17%,29.05%,1.00,5.10,Yes / Yes,0.58,-28.89%,24.07%,0.69,3.75,1.89%,4.60%,-13.12%,Feb 18 AMC,684.91K,3.77,0.35%,4.13%,-17.10%,,"121,061",0.40%,SB
-,11.13,1.72,10.88%,6.55M,-5.45%,124.75M,8.76,9.00%,0.06%,5.82M,-20.13%,11.44M,-,0.40,53.48%,2.00%,-12.35%,80.89M,1.54,16.96%,4.27%,4.78,11.90%,19.47,0.98,0.84%,0.12M,29.42%,-,-,-,9.08%,13.01 - 24.48,-8.70%,0.60 (3.14%),12.46,3.56%,6.35%,-22.02%,0.52,0.57 (2.99%),-,6.28%,-,46.73%,0.92,"Feb 14, 2025",0.03,-2.85%,16.88%,25.06,3.35% 4.10%,244,0.59,6.80%,14.14%,1.00,26.00,No / Yes,0.41,-2.88%,32.71%,0.45,19.18,-,26.83%,2.61%,Jan 23 AMC,24.35K,19.09,-8.66%,-10.71%,2.78%,,"2,761",-0.47%,SBFG
RUT,3.16,4.64,43.02%,42.64M,1.80%,974.40M,7.53,263.02%,0.89%,37.88M,1.94%,310.00M,-,-0.68,40.58%,6.18%,-19.89%,3.55B,0.27,-125.47%,-2.41%,8.97,15.70%,8.78,1.67,4.75%,2.34M,12.25%,10.49,1.40,-,71.43%,11.13 - 18.45,-9.17%,1.00 (6.82%),69.60,56.20%,6.45%,-20.57%,1.31,1.00 (6.82%),2.45,0.08%,42.56%,31.71%,0.67,"Mar 10, 2025",2.45,196.86%,14.97%,51.40,5.05% 4.82%,7200,7.34,13.21%,8.74%,3.00,18.00,Yes / Yes,7.24,148.74%,21.32%,0.86,14.39,-0.18%,30.81%,21.55%,Feb 26 AMC,260.81K,14.66,1.43%,-1.70%,-1.79%,,"57,399",1.87%,SBGI
RUT,5.43,1.67,1.77%,101.87M,-2.85%,922.18M,4.60,9.05%,-0.98%,100.15M,-1.47%,176.04M,0.78,0.39,112.72%,11.85%,-28.84%,3.72B,0.25,6.80%,5.34%,4.86,-26.28%,6.44,1.40,6.47%,11.87M,-23.61%,1.04,8.74,6.96%,29.39%,8.52 - 14.79,-13.44%,-,6.67,-8.67%,8.58%,-38.84%,1.33,-,0.44,-0.64%,48.15%,6.16%,0.44,-,2.27,6.28%,8.43%,42.25,4.82% 5.41%,27000,2.36,0.57%,4.73%,2.43,12.75,Yes / Yes,2.12,64.60%,0.00%,0.98,8.97,-0.56%,0.00%,0.71%,Feb 13 BMO,2.44M,9.05,-1.18%,-10.30%,-22.30%,,"610,679",0.84%,SBH
-,5.70,2.86,5.19%,118.83M,1.49%,1.94B,4.88,93.04%,0.00%,112.66M,3.75%,304.65M,0.35,-0.26,34.72%,2.78%,1.43%,1.27B,1.53,-34.11%,-15.39%,1.40,-20.24%,21.30,0.77,8.56%,3.13M,-33.89%,3.67,4.44,16.31%,14.71%,14.30 - 27.47,9.10%,1.16 (7.11%),4.77,-,8.63%,-40.63%,0.76,2.14 (13.12%),1.49,18.15%,34.73%,14.06%,0.58,"Mar 04, 2025",1.65,62.94%,27.11%,57.42,3.25% 3.75%,216,0.51,33.31%,24.07%,1.50,21.38,Yes / Yes,0.42,-20.79%,89.29%,1.54,16.40,-8.69%,-3.38%,17.25%,Feb 18 AMC,2.23M,16.31,3.47%,5.85%,-17.33%,,"873,822",-0.55%,SBLK
RUT,9.97,2.91,5.76%,30.38M,-1.96%,883.12M,9.78,4.76%,-0.96%,28.64M,-7.16%,88.49M,-,0.68,57.38%,2.94%,-17.21%,456.12M,1.94,-3.50%,2.43%,7.06,-9.89%,26.73,1.09,1.05%,0.84M,2.72%,-,-,-,11.16%,25.30 - 38.00,-8.50%,1.49 (5.14%),9.89,5.79%,9.03%,-23.53%,0.56,1.44 (4.96%),-,10.86%,-,14.86%,0.66,"Feb 20, 2025",0.10,3.68%,23.54%,34.75,2.19% 2.06%,778,1.20,15.33%,19.40%,3.00,36.50,Yes / Yes,0.21,25.07%,49.42%,0.09,28.85,0.56%,0.21%,12.78%,Jan 29 BMO,119.14K,29.06,-3.33%,-6.18%,-8.42%,,"2,770",0.73%,SBSI
RUT,11.42,0.95,25.33%,94.08M,-7.03%,1.24B,10.05,2.84%,-0.03%,84.92M,-8.59%,110.60M,1.07,0.20,73.43%,1.92%,-17.14%,3.15B,0.39,13.44%,-0.63%,2.62,-18.25%,8.20,1.33,4.84%,1.63M,-13.79%,3.57,3.05,10.65%,12.23%,10.78 - 14.74,-7.74%,0.40 (3.67%),7.75,-8.37%,7.42%,-26.02%,1.11,0.40 (3.67%),1.21,-2.29%,33.27%,1.16%,0.32,"Dec 30, 2024",1.57,52.27%,6.00%,33.67,3.05% 2.80%,11300,0.64,-1.03%,3.51%,1.00,16.50,Yes / Yes,0.60,-37.58%,58.72%,0.45,10.79,-0.21%,33.93%,2.19%,Mar 26 AMC,622.15K,10.90,-8.02%,-6.59%,-14.45%,,"70,676",1.07%,SCS
RUT,14.08,2.54,8.17%,23.61M,-2.67%,838.59M,9.34,13.24%,-6.95%,21.55M,-3.72%,62.93M,0.92,0.78,101.91%,9.02%,-30.76%,3.02B,0.28,9.74%,-2.41%,7.64,-18.94%,38.14,0.94,3.61%,1.94M,-16.53%,4.71,7.59,15.37%,6.79%,35.05 - 53.90,-24.68%,-,3.42,6.42%,6.06%,-33.69%,1.31,-,1.30,0.51%,12.15%,1.97%,1.20,-,2.11,-25.15%,2.86%,32.66,3.55% 2.85%,2300,0.17,-15.92%,2.08%,2.50,50.50,Yes / Yes,0.15,-45.49%,0.00%,0.25,35.24,-12.85%,-6.25%,-15.52%,Jan 30 BMO,254.34K,35.74,-2.07%,-14.86%,-22.82%,,"16,466",1.42%,SCSC
RUT,8.07,2.72,36.55%,27.17M,-4.72%,595.78M,7.80,6.98%,6.09%,17.24M,-12.58%,74.62M,1.61,0.44,71.79%,17.56%,-38.57%,1.22B,0.49,-2.72%,1.61%,6.54,-44.86%,23.39,0.94,6.95%,3.03M,-29.93%,3.35,6.54,5.01%,12.38%,20.51 - 46.92,-33.72%,-,8.05,16.91%,7.83%,-53.27%,1.34,0.54 (2.46%),0.89,4.62%,35.86%,6.89%,1.01,"Jan 13, 2025",3.88,-5.74%,8.06%,37.86,5.10% 4.28%,5300,0.59,2.83%,6.12%,1.67,33.50,Yes / Yes,0.50,-12.50%,16.44%,0.62,21.49,-3.18%,5.73%,-4.07%,Mar 20 BMO,462.70K,21.92,-1.92%,-16.15%,-37.90%,,"72,782",2.02%,SCVL
-,10.64,1.81,83.39%,8.85M,-10.50%,817.74M,10.98,11.18%,0.02%,8.52M,-15.22%,16.07M,-,0.29,18.51%,4.44%,-41.41%,975.46M,0.84,-12.82%,-0.26%,3.40,-44.02%,8.32,2.32,3.88%,0.38M,-37.82%,0.53,36.57,-1.12%,11.38%,19.00 - 39.50,-24.84%,-,25.93,-,20.95%,-51.22%,1.29,-,0.41,23.40%,26.31%,1.42%,1.34,-,5.47,-26.53%,12.22%,31.88,7.73% 6.34%,378,0.04,27.57%,1.65%,3.17,22.60,No / Yes,0.04,-19.83%,0.00%,0.42,19.18,8.12%,1.91%,32.28%,Mar 12 BMO,111.24K,19.27,-11.49%,-16.56%,-34.37%,,"11,713",0.47%,SDHC
RUT,3.79,6.38,4.86%,68.83M,-3.50%,1.50B,5.64,118.02%,0.00%,65.49M,-24.38%,446.00M,-,0.46,95.24%,7.98%,-37.71%,1.39B,1.08,-69.15%,5.27%,5.44,-35.09%,46.95,0.51,10.65%,5.23M,-48.94%,8.16,2.96,-1.46%,15.12%,22.07 - 56.46,-37.98%,0.22 (0.92%),-,-,12.61%,-57.24%,-,-,1.69,2.83%,21.16%,9.43%,1.26,-,1.69,57.21%,13.43%,31.69,5.48% 4.85%,3300,0.21,-7.79%,32.20%,1.21,46.92,Yes / Yes,0.21,60.28%,0.00%,0.55,23.66,-2.91%,627.94%,-29.17%,Feb 26 AMC,960.61K,24.15,-8.52%,-25.46%,-40.79%,,"133,613",2.05%,SDRL
RUT,10.14,1.66,14.73%,128.96M,-6.09%,2.17B,12.40,21.91%,-16.82%,109.97M,-7.84%,205.17M,0.53,0.45,82.56%,4.07%,-15.57%,6.62B,0.33,18.31%,5.76%,4.51,-7.95%,13.04,1.29,2.98%,4.47M,9.06%,0.46,36.32,19.12%,13.35%,14.13 - 22.07,-10.82%,0.18 (1.07%),7.33,8.51%,4.93%,-23.83%,1.38,0.26 (1.57%),1.04,-0.13%,11.12%,18.95%,0.66,"Mar 03, 2025",1.04,-13.10%,7.72%,35.71,3.44% 4.01%,44100,1.61,-0.63%,3.10%,1.40,22.80,Yes / Yes,1.47,-134.44%,30.18%,1.19,16.58,2.29%,3.81%,-20.88%,Feb 20 AMC,990.87K,16.81,-6.84%,-10.33%,-11.50%,,"301,348",1.39%,SEM
RUT,10.24,1.32,10.12%,33.33M,-3.36%,450.26M,7.53,12.79%,0.13%,29.98M,-18.23%,43.89M,-,0.35,57.44%,0.63%,-21.28%,326.49M,1.38,20.45%,1.46%,1.15,-2.03%,16.23,0.83,0.72%,0.19M,20.21%,-,-,-,8.34%,10.06 - 17.61,-14.83%,0.48 (3.56%),8.48,0.72%,6.50%,-23.34%,0.85,0.48 (3.56%),-,39.01%,-,34.19%,0.43,"Feb 13, 2025",0.13,103.33%,18.01%,25.94,3.09% 2.81%,597,0.25,30.29%,13.44%,1.67,19.17,Yes / Yes,0.25,26.46%,36.40%,0.90,13.31,2.45%,12.68%,8.35%,Jan 30 AMC,164.38K,13.50,-8.37%,-12.16%,-5.33%,,"37,531",1.43%,SHBI
-,13.62,5.01,0.01%,3.06B,2.24%,205.99B,8.59,9.13%,0.00%,3.02B,2.29%,16.09B,2.76,1.75,12.61%,0.17%,6.07%,281.12B,0.73,-3.11%,-4.29%,1.19,3.14%,58.32,1.17,4.05%,5.05M,5.86%,12.97,5.27,4.93%,8.82%,60.15 - 74.61,9.00%,2.92 (4.28%),6.26,5.38%,6.60%,-8.47%,0.29,2.78 (4.07%),1.10,4.22%,15.83%,13.54%,1.09,"Feb 14, 2025",1.35,-11.09%,11.01%,62.84,1.51% 1.59%,106000,0.43,-6.61%,5.73%,1.33,81.28,Yes / Yes,0.37,108.88%,54.41%,0.88,67.74,8.02%,-10.80%,-12.46%,Jan 30 BMO,4.26M,68.29,1.76%,3.06%,0.41%,,"959,766",0.81%,SHEL
-,5.12,6.21,0.04%,498.86M,0.22%,15.88B,4.29,7.90%,0.00%,498.68M,-6.22%,3.15B,0.55,1.98,3.95%,0.15%,-9.70%,28.29B,0.56,11.68%,0.34%,2.73,-20.90%,70.06,0.45,0.61%,0.73M,-8.80%,-,-,9.29%,8.57%,29.25 - 46.05,-3.19%,1.58 (4.97%),13.32,0.62%,3.68%,-30.88%,0.85,1.56 (4.91%),-,4.00%,-,8.82%,0.69,"Sep 30, 2024",0.26,0.74%,16.42%,40.04,1.54% 1.79%,-,2.90,-0.66%,11.14%,1.35,48.25,Yes / Yes,1.45,-31.62%,20.03%,0.50,31.63,-6.47%,-26.76%,-9.82%,Feb 06 AMC,266.85K,31.83,-2.17%,-5.57%,-15.49%,,"33,899",0.63%,SHG
-,3.46,2.09,29.44%,18.19M,2.12%,149.23M,3.60,298.81%,0.00%,12.84M,4.47%,41.61M,0.12,-0.45,24.63%,2.62%,-3.34%,167.46M,0.89,-78.82%,14.64%,1.43,-29.57%,12.82,0.56,8.13%,0.34M,-13.58%,1.69,4.27,29.26%,16.96%,6.55 - 13.03,4.17%,0.54 (7.50%),163.99,-,8.01%,-44.45%,0.14,0.56 (7.73%),0.52,27.34%,52.24%,10.53%,0.29,"Mar 27, 2025",0.55,2989.91%,37.47%,56.16,4.66% 3.98%,81,0.98,51.91%,24.85%,1.00,12.00,Yes / Yes,0.98,-41.87%,26.54%,1.04,7.33,4.98%,31.94%,5.70%,Mar 06 BMO,234.69K,7.24,2.54%,3.65%,-21.46%,,"62,200",-1.23%,SHIP
RUT,10.74,2.35,5.49%,72.16M,-12.47%,1.83B,8.90,18.51%,-0.04%,68.41M,-32.80%,169.39M,1.42,0.47,101.90%,5.78%,-41.90%,2.28B,0.80,-10.21%,1.76%,4.10,-41.94%,11.75,2.15,12.28%,3.95M,-39.40%,2.81,9.00,7.58%,20.20%,25.00 - 50.01,-40.53%,0.92 (3.66%),10.63,6.86%,17.69%,-49.44%,1.01,0.84 (3.32%),1.54,8.96%,40.07%,1.15%,1.30,"Mar 10, 2025",2.16,1.51%,10.29%,13.05,4.40% 4.19%,4800,0.18,15.03%,7.43%,2.64,38.11,Yes / Yes,0.13,-0.25%,35.69%,1.50,25.68,6.39%,3.89%,11.37%,Feb 26 BMO,963.12K,25.29,-22.38%,-32.16%,-40.85%,,"366,929",-1.53%,SHOO
RUT,5.43,8.69,4.08%,43.50M,-6.23%,2.05B,5.16,5.18%,-10.92%,41.72M,-13.24%,481.40M,28.57,6.25,110.15%,11.05%,-44.38%,6.85B,0.30,-16.26%,3.30%,2.94,-39.60%,41.36,1.14,9.99%,4.61M,-51.38%,3.63,13.01,0.19%,29.15%,45.55 - 112.06,-41.56%,1.15 (2.44%),4.98,-,16.58%,-57.91%,1.74,1.16 (2.46%),0.23,6.64%,39.50%,3.55%,2.65,"Jan 24, 2025",1.54,15.42%,8.12%,36.07,4.77% 5.13%,27991,0.76,-6.69%,7.03%,1.88,77.40,Yes / Yes,0.61,83.59%,6.13%,0.33,46.42,-1.33%,-24.84%,-3.05%,Mar 19 BMO,1.57M,47.17,-6.90%,-18.35%,-42.62%,,"133,438",1.60%,SIG
-,9.01,2.36,0.00%,383.19M,-0.75%,8.16B,9.76,6.43%,-,383.17M,-0.98%,907.22M,1.68,0.60,6.38%,0.28%,-2.20%,13.16B,0.62,-1.89%,1.43%,4.20,-11.18%,20.03,1.06,4.11%,1.06M,-4.27%,4.16,5.12,5.37%,11.19%,19.88 - 24.58,1.24%,1.25 (5.88%),4.27,4.36%,6.83%,-13.34%,0.79,1.00 (4.71%),0.79,-2.66%,21.24%,7.14%,0.34,"Sep 30, 2024",0.81,12.31%,10.17%,43.17,1.06% 1.20%,5579,0.99,-2.34%,6.89%,1.37,23.94,Yes / Yes,0.73,58.24%,55.94%,0.89,21.49,-1.87%,137.52%,-5.70%,Feb 12 BMO,253.37K,21.30,-3.01%,-1.39%,-3.96%,,"57,610",-0.88%,SKM
-,13.56,4.15,13.46%,129.85M,-4.56%,8.41B,10.72,15.96%,-1.16%,129.26M,-10.49%,639.47M,1.13,1.19,83.47%,5.55%,-20.02%,8.97B,0.94,2.96%,1.42%,2.98,-14.20%,28.66,1.96,7.99%,7.17M,-8.08%,8.27,6.81,12.03%,15.42%,53.79 - 78.85,-16.27%,-,31.07,13.08%,11.58%,-28.60%,1.08,-,1.12,12.58%,50.79%,4.67%,2.41,-,1.97,19.16%,10.08%,33.81,4.75% 3.86%,20100,0.51,12.11%,7.13%,1.47,80.71,Yes / Yes,0.29,16.42%,0.00%,0.53,55.97,-0.38%,14.97%,12.82%,Feb 06 AMC,2.41M,56.30,-6.72%,-15.74%,-15.20%,,"326,457",0.59%,SKX
RUT,11.04,7.77,3.73%,40.33M,-2.56%,3.46B,8.34,11.76%,-6.99%,38.83M,-22.56%,322.96M,0.67,2.06,92.02%,4.47%,-19.75%,3.53B,0.98,18.46%,1.92%,3.93,15.27%,59.73,1.44,4.31%,1.73M,27.27%,19.88,4.32,16.55%,14.28%,64.30 - 135.57,-14.30%,0.10 (0.12%),9.50,3.26%,7.00%,-36.70%,1.84,-,0.68,5.55%,22.36%,33.46%,4.41,"Mar 30, 2020",0.78,794.72%,14.02%,32.82,5.46% 4.53%,-,1.15,20.18%,9.15%,2.00,128.80,Yes / Yes,0.92,456.90%,0.00%,0.56,83.90,3.15%,30.43%,25.62%,Jan 30 AMC,441.18K,85.82,-8.71%,-18.09%,-7.20%,,"63,065",2.28%,SKYW
S&P 500,13.22,3.11,0.21%,1.40B,-0.68%,55.88B,10.87,10.08%,-13.11%,1.36B,-0.87%,4.46B,1.94,0.74,89.42%,5.70%,0.54%,36.31B,1.54,0.70%,1.02%,5.38,3.84%,15.08,2.72,9.21%,77.41M,-20.32%,3.43,11.97,6.83%,21.59%,36.52 - 55.69,7.17%,1.14 (2.77%),11.96,-,13.64%,-26.22%,1.13,1.11 (2.70%),1.11,3.78%,21.07%,12.52%,1.26,"Feb 05, 2025",1.45,6.53%,17.95%,52.18,3.32% 2.96%,110000,0.60,9.58%,12.29%,1.53,52.57,Yes / Yes,0.55,0.18%,35.41%,0.85,39.93,1.09%,2.48%,3.32%,Jan 17 BMO,14.39M,41.09,0.42%,0.76%,-4.17%,,"3,095,957",2.91%,SLB
-,14.30,3.84,0.04%,573.90M,-1.21%,31.47B,9.70,9.71%,0.00%,572.62M,-6.91%,2.24B,1.74,1.21,48.51%,2.11%,-10.05%,30.20B,1.04,10.23%,-2.83%,16.34,-0.70%,28.25,1.94,0.90%,12.10M,0.18%,-,-,8.23%,12.87%,46.41 - 62.85,-7.43%,2.46 (4.48%),4.04,2.89%,7.64%,-12.60%,0.87,2.38 (4.33%),-,1.87%,-,18.36%,1.16,"Feb 26, 2025",0.90,-1.17%,12.40%,44.76,2.07% 2.24%,31768,0.76,-13.74%,7.41%,1.67,62.69,Yes / Yes,0.65,-68.84%,61.53%,0.20,54.30,-,-3.98%,-56.27%,Feb 12 AMC,740.33K,54.93,-0.30%,-3.73%,-0.49%,,"36,992",1.16%,SLF
RUT,8.99,7.20,17.00%,40.60M,-3.58%,2.62B,8.80,10.57%,-0.63%,33.66M,-8.23%,302.00M,-,0.73,81.40%,2.67%,-27.66%,3.77B,0.70,-10.33%,-2.63%,2.50,-12.15%,20.86,3.10,11.03%,0.90M,3.64%,5.06,12.80,-,34.55%,56.20 - 98.02,-18.09%,1.85 (2.86%),5.60,-3.40%,18.04%,-33.97%,1.05,1.65 (2.55%),1.03,0.23%,20.70%,15.17%,2.48,"Apr 08, 2025",1.56,22.51%,11.82%,34.76,4.01% 3.81%,6500,1.03,0.91%,8.00%,2.67,86.33,Yes / Yes,0.98,65.30%,22.95%,0.37,63.64,0.48%,10.11%,0.62%,Feb 12 BMO,359.14K,64.72,-5.50%,-12.98%,-16.71%,,"33,722",1.70%,SLVM
RUT,4.39,6.67,1.78%,114.46M,6.20%,3.35B,4.25,5.66%,0.67%,112.42M,-24.70%,770.29M,-,1.56,101.22%,9.03%,-27.46%,2.69B,1.25,-3.95%,-1.06%,5.44,-25.03%,37.02,0.79,10.19%,10.15M,-35.91%,0.00,-,-2.16%,19.62%,26.66 - 53.26,-24.41%,0.80 (2.73%),-,-,10.92%,-44.99%,3.74,0.76 (2.59%),0.55,23.15%,43.86%,9.90%,1.52,"Jan 24, 2025",0.55,-2.72%,38.13%,34.90,5.03% 5.09%,663,0.67,13.33%,28.63%,2.06,49.50,Yes / Yes,0.67,-22.78%,11.40%,0.67,28.77,-0.75%,-0.44%,40.00%,Feb 19 AMC,1.87M,29.30,-8.06%,-20.98%,-30.16%,,"318,456",1.84%,SM
RUT,14.74,2.14,17.85%,16.93M,-2.44%,534.19M,10.86,19.70%,-1.36%,13.91M,-11.10%,36.14M,-,0.55,54.83%,0.41%,-10.24%,283.89M,1.88,17.31%,2.54%,1.17,10.43%,29.03,1.09,0.72%,0.06M,49.86%,-,-,-,7.60%,19.00 - 37.72,1.87%,0.34 (1.07%),12.76,2.52%,6.70%,-16.33%,0.59,0.32 (1.01%),-,19.61%,-,66.11%,0.89,"Jan 31, 2025",0.22,26.65%,14.28%,33.83,3.40% 2.60%,570,0.10,18.81%,12.73%,2.67,38.38,Yes / Yes,0.10,55.78%,14.95%,0.06,31.07,5.51%,12.74%,16.52%,Jan 21 AMC,48.91K,31.56,-6.06%,-5.96%,4.49%,,733,1.58%,SMBK
-,12.09,1.31,0.05%,6.48B,3.38%,101.96B,13.86,9.37%,0.00%,6.41B,8.68%,8.60B,0.71,0.13,1.60%,0.09%,6.57%,64.11B,1.59,34.92%,-0.17%,3.91,24.80%,14.86,1.07,0.43%,5.73M,35.09%,-,-,17.11%,8.86%,10.74 - 15.83,9.73%,0.39 (2.42%),-,1.34%,3.01%,0.44%,0.44,0.41 (2.57%),-,6.33%,-,48.04%,0.33,"Sep 30, 2024",2.39,50.61%,18.60%,62.51,1.73% 1.59%,120373,3.99,8.69%,13.41%,1.81,14.57,Yes / Yes,1.96,52.95%,28.93%,0.58,15.48,446.02%,36.36%,-0.69%,Jan 29 AMC,1.47M,15.90,3.42%,6.07%,15.37%,,"217,308",2.71%,SMFG
RUT,10.88,2.41,5.12%,21.86M,-5.71%,574.27M,6.29,19.29%,-1.94%,20.74M,-14.02%,53.63M,-,0.44,80.66%,2.53%,-23.46%,1.46B,0.39,10.41%,0.61%,4.03,-16.95%,28.17,0.93,3.37%,0.52M,-15.29%,2.03,12.93,-,8.57%,25.68 - 35.92,-15.21%,-,17.58,-1.02%,4.29%,-26.87%,0.54,1.18 (4.49%),0.64,5.33%,28.24%,2.29%,0.84,"Feb 14, 2025",2.11,-15.32%,9.44%,23.09,3.01% 3.00%,5600,1.11,7.77%,3.66%,1.00,40.50,Yes / Yes,1.03,-111.27%,48.10%,0.69,26.18,14.13%,7.48%,18.09%,Feb 27 BMO,130.22K,26.27,-9.13%,-12.84%,-15.26%,,"22,792",0.34%,SMP
RUT,13.38,0.96,12.03%,53.16M,-12.90%,680.15M,5.13,40.80%,-64.63%,46.76M,-25.04%,52.90M,0.31,0.71,97.94%,12.61%,-12.96%,1.08B,0.63,68.81%,11.39%,6.98,15.17%,10.73,1.19,3.25%,5.89M,-7.75%,3.85,3.33,42.56%,9.75%,9.22 - 18.59,-12.24%,-,5.79,3.58%,4.91%,-31.16%,1.53,-,0.61,15.16%,13.10%,38.77%,0.84,-,0.63,-22.41%,9.85%,24.49,7.21% 5.53%,3141,1.09,2.49%,4.92%,1.56,20.89,Yes / Yes,0.89,142.47%,0.00%,0.76,12.81,1.20%,31.13%,6.05%,Feb 04 BMO,843.90K,12.80,-17.88%,-19.87%,-2.50%,,"163,898",-0.12%,SNCY
RUT,13.20,8.36,13.20%,32.03M,-4.02%,3.54B,12.62,0.46%,-2.81%,27.85M,-6.37%,267.40M,-,1.87,79.71%,2.45%,7.97%,108.26B,0.03,7.84%,5.20%,2.88,41.93%,55.48,1.99,1.01%,0.68M,64.41%,43.58,2.53,-,16.40%,64.03 - 128.23,12.62%,-,6.64,22.11%,8.71%,-13.96%,0.69,-,-,30.94%,2.79%,72.32%,4.61,-,-,17.39%,1.49%,43.47,5.13% 4.02%,4556,5.72,60.57%,0.25%,1.00,128.00,Yes / Yes,0.73,19.08%,0.00%,0.23,107.27,3.18%,17.05%,42.71%,Feb 05 AMC,236.64K,110.33,-6.31%,-1.48%,20.43%,,"14,096",2.86%,SNEX
-,14.82,3.05,0.70%,141.17M,-3.56%,6.37B,8.32,12.92%,-0.83%,139.91M,-16.61%,439.56M,1.40,1.12,86.15%,3.05%,-18.08%,3.43B,1.86,8.58%,-0.47%,3.22,5.56%,33.35,1.35,0.80%,4.27M,15.41%,-,-,10.55%,9.31%,33.44 - 59.92,-11.83%,1.56 (3.45%),8.33,-2.64%,6.73%,-24.61%,1.20,1.52 (3.37%),-,8.72%,-,35.08%,1.75,"Mar 20, 2025",0.29,-11.72%,17.32%,30.13,4.10% 3.29%,4775,0.36,0.83%,12.81%,1.82,62.59,Yes / Yes,0.24,203.56%,50.14%,0.74,44.18,2.51%,8.27%,9.50%,Jan 15 AMC,1.32M,45.17,-9.02%,-13.99%,-5.49%,,"248,167",2.24%,SNV
RUT,11.25,2.92,26.05%,16.46M,-2.90%,540.90M,10.08,12.24%,-1.38%,12.19M,-7.42%,49.72M,-,0.67,38.59%,0.20%,-14.29%,288.97M,1.87,-0.68%,4.16%,0.74,1.23%,26.67,1.23,1.18%,0.02M,27.02%,-,-,-,11.75%,24.05 - 40.90,-5.58%,0.62 (1.89%),13.05,11.23%,9.05%,-19.79%,0.48,0.58 (1.77%),-,8.27%,-,36.42%,0.83,"Feb 03, 2025",0.25,-18.39%,20.21%,37.22,1.98% 2.41%,618,0.25,13.74%,17.20%,1.25,43.75,Yes / Yes,0.25,58.15%,19.18%,0.15,32.38,5.50%,41.97%,12.44%,Jan 24 BMO,32.87K,32.81,-3.57%,-5.47%,-1.61%,,"1,274",1.33%,SPFI
-,11.25,0.41,17.87%,16.50M,-0.54%,75.46M,7.56,76.90%,0.05%,13.55M,-19.03%,6.65M,0.97,0.05,30.26%,6.24%,-48.42%,41.81M,1.80,-16.59%,25.77%,2.50,-22.19%,3.38,1.35,11.47%,0.85M,28.87%,1.34,3.42,11.61%,12.70%,3.09 - 9.33,-33.89%,-,-,-,11.82%,-50.96%,1.14,-,7.36,41.66%,58.44%,48.06%,0.34,-,9.64,1277.03%,19.35%,38.49,4.83% 5.68%,54,0.01,71.31%,15.90%,1.00,12.00,Yes / Yes,0.01,-63.66%,0.00%,0.19,4.43,20.40%,-27.42%,3.99%,Feb 05 AMC,338.68K,4.57,-6.38%,-24.69%,-28.43%,,"16,007",3.27%,SRTS
RUT,8.77,3.67,23.87%,9.89M,0.16%,317.70M,7.62,6.16%,0.00%,7.53M,-1.20%,34.87M,-,0.97,48.37%,0.56%,-12.59%,177.08M,1.79,8.31%,13.78%,2.17,6.88%,28.30,1.14,1.32%,0.04M,23.57%,-,-,-,14.09%,22.13 - 39.16,-3.51%,0.36 (1.12%),9.41,35.34%,8.48%,-17.93%,0.35,0.36 (1.12%),-,28.02%,-,45.23%,0.92,"Feb 03, 2025",0.47,2.49%,26.60%,49.37,2.46% 2.76%,185,0.47,21.59%,19.69%,1.00,41.00,No / Yes,0.47,12.60%,9.81%,0.09,31.80,-0.33%,11.00%,22.07%,Jan 21 BMO,19.60K,32.14,0.35%,-1.50%,2.41%,,453,1.07%,SSBK
RUT,2.77,0.99,17.06%,86.36M,82.60%,237.47M,5.10,169.44%,0.00%,71.63M,43.40%,85.85M,-,-0.34,62.90%,2.90%,12.25%,2.51B,0.09,-176.63%,-5.21%,2.13,53.88%,9.30,0.29,2.72%,2.08M,-34.47%,0.28,9.96,-,11.68%,1.36 - 4.65,23.94%,-,1.19,-,2.21%,-41.10%,0.91,-,1.34,14.15%,35.05%,101.40%,0.23,"Dec 14, 2020",1.31,108.39%,17.04%,75.16,17.21% 10.03%,5200,1.95,9.46%,3.42%,2.60,5.45,Yes / Yes,1.94,129.03%,0.00%,3.55,2.73,0.60%,-9.27%,18.29%,Mar 11 AMC,974.87K,2.74,54.66%,37.76%,17.46%,,"881,512",0.33%,SSP
-,6.24,1.95,31.37%,2.86B,-4.22%,34.93B,3.95,29.42%,0.00%,1.97B,-8.25%,5.92B,0.52,-,27.34%,1.93%,-12.22%,169.68B,0.21,-8.37%,2.36%,3.08,-19.83%,29.37,0.42,2.70%,37.93M,-56.73%,13.44,0.91,11.92%,6.77%,11.40 - 29.51,-6.57%,0.75 (6.15%),-,-0.34%,5.35%,-58.68%,1.41,1.65 (13.54%),0.81,33.64%,13.07%,6.96%,0.50,"Apr 23, 2025",1.09,-69.53%,3.46%,41.88,3.23% 3.11%,248243,0.46,-17.19%,3.49%,2.84,13.83,Yes / Yes,0.31,6.13%,36.65%,1.55,11.83,1.28%,-66.79%,3.85%,Feb 26 BMO,12.30M,12.19,-6.56%,-6.38%,-20.40%,,"4,848,198",3.07%,STLA
S&P 500,12.86,9.79,6.30%,151.12M,0.69%,18.90B,10.06,33.44%,-0.67%,140.71M,-4.85%,1.54B,0.81,1.47,83.99%,2.37%,-6.95%,17.54B,1.08,-4.73%,-0.21%,1.87,16.46%,59.12,2.13,10.24%,3.34M,-4.15%,4.91,25.64,15.89%,17.27%,104.60 - 155.56,10.36%,1.93 (1.53%),-,26.49%,12.99%,-19.07%,1.36,1.84 (1.46%),1.08,16.43%,15.69%,20.35%,4.61,"Mar 31, 2025",2.53,-32.96%,11.08%,46.94,4.02% 3.42%,13000,0.37,-6.68%,8.76%,2.19,147.82,Yes / Yes,0.32,-48.11%,18.69%,0.36,123.25,-2.45%,5.58%,-8.53%,Jan 22 AMC,1.79M,125.89,-2.92%,-0.54%,-0.93%,,"163,875",2.14%,STLD
-,14.81,1.66,0.00%,898.18M,-7.40%,21.84B,14.24,112.08%,-,889.66M,4.37%,1.56B,1.15,0.06,8.89%,1.61%,-6.73%,13.27B,1.65,-51.05%,-0.06%,2.04,-13.35%,19.43,1.26,6.33%,14.33M,-49.50%,6.95,3.53,12.88%,9.12%,21.36 - 47.82,-1.69%,0.33 (1.35%),-,7.51%,7.96%,-48.67%,1.50,0.33 (1.34%),2.37,8.43%,39.35%,14.92%,0.99,"Mar 25, 2025",3.11,-62.93%,11.26%,47.68,3.38% 3.35%,49602,0.18,-23.24%,11.74%,2.34,26.91,Yes / Yes,0.12,-68.07%,18.46%,0.53,23.92,0.53%,5.74%,-22.44%,Jan 30 BMO,7.04M,24.55,-3.74%,-0.65%,-18.10%,,"945,874",2.62%,STM
RUT,2.99,13.05,8.05%,49.92M,-1.62%,1.95B,5.45,14.07%,0.00%,45.90M,-18.48%,668.77M,-,0.87,73.66%,7.28%,-20.31%,1.24B,1.57,-37.71%,2.50%,3.19,-41.80%,57.41,0.68,16.59%,3.34M,-43.47%,8.15,4.79,-3.10%,24.68%,37.14 - 84.67,-21.48%,1.65 (4.23%),2.62,-,18.60%,-53.92%,-0.03,1.60 (4.10%),2.39,31.33%,57.00%,5.06%,1.63,"Mar 07, 2025",2.43,31.85%,47.27%,33.61,3.01% 4.29%,24,0.30,-7.25%,53.76%,1.50,67.83,Yes / Yes,0.25,-38.92%,12.17%,0.34,38.76,-6.09%,12.16%,-39.35%,Feb 13 BMO,1.05M,39.02,-3.37%,-15.16%,-37.23%,,"91,143",0.66%,STNG
RUT,14.75,8.27,3.57%,30.67M,3.43%,3.74B,13.46,12.92%,-1.37%,29.51M,-13.07%,257.46M,-,1.45,88.72%,5.94%,-33.23%,2.12B,1.77,31.60%,-0.11%,2.93,4.20%,26.35,4.63,13.41%,1.75M,8.99%,21.70,5.62,-,36.08%,93.50 - 206.07,-27.55%,-,8.98,41.23%,22.78%,-40.77%,1.16,-,1.38,13.93%,19.34%,30.53%,8.38,"Dec 23, 1998",1.38,85.63%,12.53%,44.72,6.32% 7.04%,3000,0.46,7.28%,12.17%,1.00,198.33,Yes / Yes,0.40,183.74%,0.00%,0.50,117.81,-6.10%,9.98%,2.65%,Feb 25 AMC,597.36K,122.05,0.79%,-15.95%,-14.25%,,"75,597",3.60%,STRL
-,11.20,4.00,8.97%,4.04M,-0.80%,187.12M,11.68,4.63%,-1.27%,3.80M,-9.47%,16.15M,-,0.95,64.52%,0.39%,7.19%,552.80M,0.34,-9.83%,9.82%,0.57,22.37%,50.65,0.89,4.70%,0.01M,84.49%,10.22,4.39,-,8.16%,21.05 - 53.01,8.86%,-,5.93,-,7.42%,-15.39%,0.98,-,1.77,3.27%,12.54%,113.06%,2.60,"Mar 12, 2020",2.60,7934.59%,3.41%,48.70,5.29% 5.94%,3365,0.06,7.69%,2.92%,3.00,50.00,No / Yes,0.06,26.80%,0.00%,0.69,43.80,3.80%,132.14%,9.61%,Feb 06 AMC,26.06K,44.85,-5.57%,4.31%,22.55%,,"4,547",2.40%,STRT
S&P 500,10.49,8.23,0.63%,288.77M,-3.64%,24.92B,7.96,11.21%,-4.22%,286.64M,-12.05%,2.48B,0.84,2.01,90.67%,1.29%,-13.64%,21.17B,1.18,12.15%,0.25%,1.76,4.59%,77.95,1.11,0.83%,3.71M,19.13%,-,-,12.43%,10.93%,70.20 - 103.00,-11.99%,3.12 (3.61%),-,8.85%,5.18%,-16.13%,1.46,2.90 (3.36%),-,12.41%,-,23.05%,2.60,"Apr 01, 2025",3.45,49.80%,16.17%,29.56,3.03% 2.65%,52626,1.49,20.53%,11.73%,2.17,112.46,Yes / Yes,0.89,343.24%,35.30%,0.74,84.47,2.58%,6.77%,13.74%,Jan 17 BMO,2.10M,86.38,-7.98%,-10.64%,-2.72%,,"396,233",2.26%,STT
-,10.51,3.45,0.04%,1.24B,1.44%,44.85B,9.77,9.58%,0.00%,1.24B,-8.54%,4.41B,3.81,0.93,68.34%,0.83%,-4.19%,37.01B,1.21,-10.34%,-1.71%,2.18,0.53%,24.87,1.46,6.80%,10.29M,3.52%,1.96,18.51,2.76%,13.82%,33.81 - 41.94,1.61%,1.61 (4.44%),6.62,19.72%,10.93%,-13.57%,0.84,1.60 (4.42%),0.86,11.97%,39.27%,7.23%,1.00,"Mar 04, 2025",1.33,-26.46%,17.85%,43.15,2.60% 2.58%,15010,0.34,1.76%,11.90%,1.74,44.66,Yes / Yes,0.30,-70.85%,46.70%,0.37,35.82,-6.43%,8.11%,-4.73%,Feb 05 AMC,4.73M,36.25,-2.85%,-4.87%,-5.58%,,"442,742",1.21%,SU
-,8.80,6.61,22.67%,136.23M,2.40%,8.88B,8.96,8.46%,0.00%,105.35M,3.17%,716.00M,-,1.42,43.68%,1.87%,8.92%,22.69B,0.39,-28.38%,4.50%,3.79,11.70%,29.86,1.95,6.75%,1.97M,-7.50%,0.62,94.47,-6.72%,28.38%,49.45 - 62.81,13.09%,3.69 (6.34%),41.69,16.36%,5.95%,-7.38%,1.03,3.51 (6.04%),0.72,12.62%,7.56%,17.64%,1.42,"Feb 07, 2025",1.27,80.11%,3.62%,55.97,2.51% 2.51%,3298,1.97,-1.63%,3.16%,1.50,63.88,Yes / Yes,1.96,150.25%,57.82%,0.18,57.43,-14.78%,-39.83%,-6.59%,Feb 11 BMO,520.24K,58.17,0.62%,3.54%,7.32%,,"24,024",1.30%,SUN
-,7.57,1.80,-,79.00M,-1.62%,1.08B,7.09,35.79%,-,78.98M,-3.51%,112.65M,-,0.29,20.77%,1.02%,12.05%,1.76B,0.61,0.07%,39.15%,0.62,73.79%,9.97,1.37,3.25%,0.81M,210.30%,-,-,-,23.58%,4.75 - 19.75,-9.83%,0.13 (0.94%),-,12.38%,13.80%,-31.01%,1.77,-,-,24.04%,-,186.73%,0.96,"May 23, 2024",0.42,-13.37%,37.78%,47.10,7.58% 6.98%,3663,0.07,-52.81%,6.41%,1.67,18.43,Yes / Yes,0.07,-57.76%,7.82%,0.65,13.12,5.14%,-13.99%,-87.45%,Mar 10 AMC,1.29M,13.62,-0.33%,-12.13%,33.56%,,"215,197",3.85%,SUPV
RUT,8.26,1.12,1.23%,84.35M,2.57%,782.98M,12.80,0.69%,0.00%,83.32M,-5.57%,95.90M,-,0.17,94.15%,4.75%,-23.91%,1.94B,0.40,-35.71%,4.17%,3.79,20.39%,8.06,1.15,5.67%,3.95M,-16.45%,2.25,4.13,-11.74%,14.82%,7.47 - 12.82,-13.25%,-,8.16,-,8.12%,-27.59%,0.87,0.46 (4.96%),1.43,5.28%,11.01%,24.26%,0.26,"Feb 14, 2025",2.31,65.91%,7.85%,47.49,2.62% 2.90%,868,0.74,-6.19%,4.96%,2.00,12.00,Yes / Yes,0.74,70.69%,39.14%,0.30,9.16,30.12%,16.67%,-6.65%,Jan 30 BMO,1.04M,9.28,0.98%,-4.27%,-6.17%,,"80,530",1.34%,SXC
S&P 500,6.16,8.53,0.46%,388.26M,-3.92%,20.45B,5.93,15.07%,-23.43%,386.95M,-17.82%,3.43B,0.35,1.62,99.04%,3.76%,-21.35%,20.76B,0.98,17.10%,-1.08%,3.61,14.74%,39.56,1.33,2.95%,14.54M,21.95%,37.84,1.39,17.74%,22.96%,39.67 - 70.93,-19.08%,1.05 (2.00%),2.08,8.99%,12.98%,-25.85%,1.45,0.75 (1.43%),-,7.68%,80.11%,32.58%,2.29,"Feb 03, 2025",-,65.57%,25.92%,29.94,4.60% 3.95%,20000,0.93,19.73%,16.51%,1.92,78.10,Yes / Yes,0.59,84.33%,11.69%,1.18,51.90,-0.73%,-1.04%,3.73%,Jan 28 BMO,4.03M,52.60,-9.50%,-17.29%,-5.53%,,"1,205,706",1.34%,SYF
S&P 500,11.08,5.35,17.72%,190.70M,-4.19%,12.02B,8.84,5.60%,0.00%,166.69M,10.89%,1.12B,2.08,0.84,82.20%,7.18%,-3.77%,11.63B,1.03,6.52%,0.77%,5.78,10.09%,64.43,0.92,4.28%,11.97M,-9.61%,4.78,12.40,5.33%,8.54%,49.19 - 69.18,3.40%,1.86 (3.13%),9.72,36.84%,5.80%,-14.32%,0.71,1.79 (3.02%),0.70,2.11%,37.24%,20.49%,1.62,"Feb 27, 2025",0.94,22.45%,15.65%,50.19,3.81% 2.86%,16800,0.49,-0.64%,9.65%,2.52,66.15,Yes / Yes,0.48,192.24%,32.91%,0.39,58.76,1.13%,15.18%,-1.98%,Feb 13 BMO,2.07M,59.27,-2.11%,3.74%,6.37%,,"204,908",0.87%,TAP
RUT,13.02,2.50,20.93%,13.77M,-2.63%,449.24M,9.47,10.96%,0.01%,10.90M,-13.10%,42.92M,-,0.72,50.94%,2.85%,-11.06%,338.98M,1.33,11.52%,8.01%,4.21,30.06%,33.45,0.97,1.02%,0.31M,65.21%,-,-,-,10.93%,18.00 - 39.44,-4.04%,-,13.46,69.60%,7.28%,-17.40%,0.76,-,-,47.43%,-,81.00%,1.33,-,0.11,48.86%,18.10%,37.49,4.43% 3.88%,369,0.29,23.29%,12.66%,2.25,40.75,No / Yes,0.28,43.34%,0.00%,0.25,31.68,5.48%,16.43%,11.59%,Jan 22 AMC,73.82K,32.58,-6.30%,-6.62%,12.59%,,"4,747",2.84%,TCBX
RUT,11.92,3.40,5.52%,51.46M,-5.96%,2.09B,7.80,50.38%,2.40%,48.63M,-24.03%,180.66M,0.36,0.66,102.12%,11.76%,-13.96%,1.35B,1.55,1.76%,-0.36%,4.59,-42.16%,21.65,1.87,8.73%,5.72M,-50.92%,6.35,6.39,32.71%,16.78%,38.65 - 111.42,-25.83%,-,8.48,-,10.68%,-63.58%,0.73,-,2.00,27.76%,30.20%,4.99%,2.58,"Dec 01, 2010",2.10,83.81%,21.96%,32.83,6.04% 6.14%,7700,0.58,33.25%,13.42%,1.89,66.88,Yes / Yes,0.52,0.16%,0.00%,0.43,39.93,1.32%,-24.80%,14.02%,Feb 27 AMC,1.25M,40.58,-11.20%,-20.94%,-41.97%,,"136,210",1.62%,TDW
-,2.95,5.48,28.30%,29.51M,-2.60%,476.22M,4.85,-9.50%,0.00%,21.16M,-11.71%,161.72M,-,0.50,17.96%,3.86%,-13.13%,836.04M,0.57,-48.78%,-13.28%,2.89,-34.36%,59.26,0.27,5.34%,0.82M,-32.58%,13.08,1.23,-8.53%,11.18%,15.05 - 31.48,-6.92%,1.50 (9.29%),-,-,4.59%,-48.73%,-0.16,1.50 (9.29%),1.27,13.38%,36.78%,7.24%,0.69,"Dec 16, 2024",1.32,-51.66%,32.36%,43.81,4.53% 4.12%,-,1.02,-11.02%,19.34%,1.67,29.67,Yes / Yes,1.02,-19.44%,6.64%,0.97,15.85,-0.40%,1.52%,7.23%,Feb 19 AMC,282.35K,16.14,-1.58%,-7.91%,-28.42%,,"69,553",1.83%,TEN
RUT,8.09,4.95,2.62%,65.70M,-2.27%,2.66B,7.03,17.78%,1.37%,64.66M,-10.78%,335.20M,2.78,0.53,97.11%,8.13%,-20.90%,5.13B,0.52,-20.81%,0.12%,5.70,-20.25%,27.88,1.44,7.17%,5.26M,-30.99%,5.84,6.85,2.91%,19.13%,36.15 - 68.08,-13.37%,0.68 (1.69%),14.07,45.64%,7.42%,-41.19%,1.37,0.68 (1.70%),1.09,5.36%,20.87%,10.76%,1.83,"Mar 07, 2025",2.16,-34.74%,10.31%,40.50,4.41% 4.41%,11400,1.48,-0.47%,6.54%,2.79,51.73,Yes / Yes,1.46,-101.60%,13.72%,0.45,39.16,0.85%,4.98%,1.50%,Feb 06 BMO,921.16K,40.04,-3.96%,-10.25%,-22.53%,,"105,774",2.25%,TEX
RUT,4.95,3.55,1.26%,159.90M,-1.38%,2.81B,4.89,112.87%,-8.53%,157.88M,-3.12%,599.82M,-,0.32,98.76%,4.08%,-6.77%,3.10B,0.90,-45.05%,-3.39%,4.37,26.56%,18.79,0.93,8.37%,6.43M,17.03%,4.34,4.05,-8.72%,21.01%,12.35 - 19.62,-4.02%,-,4.48,21.89%,9.76%,-10.53%,0.28,0.50 (2.85%),2.92,6.91%,39.73%,42.14%,0.53,"Mar 07, 2025",2.92,57.12%,25.42%,46.67,3.19% 3.17%,5900,1.05,6.56%,19.34%,1.71,21.20,Yes / Yes,1.04,174.51%,13.84%,0.35,17.38,-0.03%,2.39%,19.93%,Feb 27 BMO,1.47M,17.55,-0.62%,-2.50%,7.88%,,"132,652",1.00%,TGNA
S&P 500,11.74,8.86,0.25%,458.21M,-9.66%,47.36B,10.52,8.05%,-4.31%,457.09M,-18.46%,4.09B,1.52,1.78,82.48%,2.52%,-23.02%,106.57B,0.44,3.26%,-1.04%,1.94,-29.41%,32.19,3.23,7.23%,11.52M,-37.96%,10.45,9.95,7.72%,29.12%,104.01 - 181.86,-23.09%,4.29 (4.12%),10.58,6.84%,12.57%,-42.83%,1.28,4.46 (4.29%),0.32,6.73%,25.91%,-0.04%,3.69,"May 14, 2025",0.94,-0.90%,5.29%,19.38,3.73% 2.85%,440000,1.36,-0.79%,3.84%,2.29,135.04,Yes / Yes,1.22,-19.37%,50.35%,1.13,104.50,0.36%,6.20%,-3.15%,Mar 04 BMO,5.95M,103.97,-13.04%,-19.72%,-26.86%,,"1,716,198",-0.51%,TGT
-,3.75,32.23,2.25%,95.11M,-5.15%,11.50B,9.16,8.85%,-0.74%,92.99M,-4.17%,3.20B,0.45,3.16,95.56%,3.70%,-13.07%,20.66B,0.56,2.05%,1.99%,2.32,-23.30%,43.85,2.76,11.18%,3.44M,20.97%,31.74,3.81,8.28%,110.75%,90.03 - 171.20,-4.20%,-,10.31,-,17.58%,-29.37%,1.82,-,1.70,2.41%,14.07%,34.32%,5.45,"Mar 13, 2000",1.78,440.71%,14.07%,37.43,4.28% 5.01%,98000,3.43,0.57%,15.49%,1.57,173.60,Yes / Yes,3.36,41.59%,0.00%,0.59,119.51,-1.85%,16.53%,-5.71%,Feb 12 BMO,1.48M,120.93,-5.75%,-8.39%,-15.98%,,"220,925",1.18%,THC
RUT,12.22,4.00,4.76%,11.84M,-0.51%,579.64M,8.61,2.84%,1.30%,11.29M,-6.02%,47.27M,-,1.30,76.32%,0.49%,-2.71%,307.59M,1.88,38.08%,1.41%,0.99,15.36%,46.36,1.05,0.91%,0.06M,28.68%,-,-,-,8.78%,34.58 - 53.60,5.87%,1.36 (2.78%),10.87,1.05%,8.18%,-8.77%,0.42,1.86 (3.80%),-,10.71%,-,41.41%,1.49,"Jan 03, 2025",0.12,-21.20%,18.61%,43.87,2.65% 2.74%,937,0.41,13.46%,15.37%,2.00,56.33,Yes / Yes,0.05,30.20%,46.47%,0.42,48.60,2.42%,6.76%,21.57%,Feb 04 BMO,55.94K,48.90,-3.00%,-0.07%,9.69%,,"5,990",0.62%,THFF
-,14.21,11.68,0.99%,35.90M,-0.21%,5.96B,10.41,12.72%,-16.92%,35.57M,3.73%,426.00M,1.73,3.47,88.79%,1.02%,7.07%,6.24B,0.96,6.07%,1.26%,1.60,15.02%,79.16,2.10,3.26%,0.36M,27.21%,-,-,8.20%,16.03%,119.66 - 173.30,7.35%,3.65 (2.20%),7.49,2.25%,11.95%,-4.20%,0.50,3.45 (2.08%),-,5.05%,-,38.75%,3.59,"Mar 14, 2025",0.43,1110.92%,9.17%,54.58,2.43% 2.17%,4900,0.28,4.07%,6.83%,2.00,179.71,Yes / Yes,0.25,53.90%,29.48%,0.36,166.39,1.15%,58.11%,3.63%,Feb 04 AMC,226.57K,166.03,0.99%,4.14%,12.84%,,"20,663",-0.22%,THG
RUT,14.66,2.06,2.18%,30.79M,-7.36%,931.52M,10.08,21.20%,-7.11%,30.12M,-14.92%,64.95M,-,0.46,100.72%,2.72%,-30.48%,1.46B,0.64,6.29%,-1.64%,3.34,-33.83%,20.04,1.51,5.23%,0.82M,-45.67%,4.36,6.94,-,10.30%,29.75 - 57.96,-24.22%,-,25.64,7.05%,7.43%,-47.80%,1.39,-,1.34,8.95%,25.54%,1.70%,1.33,-,2.01,67.38%,8.76%,28.62,3.99% 4.35%,14246,0.43,-0.88%,4.46%,2.00,45.80,Yes / Yes,0.42,-12.16%,0.00%,0.42,30.15,-2.01%,-57.30%,-3.82%,Feb 19 BMO,245.37K,30.25,-7.45%,-16.54%,-31.43%,,"26,531",0.35%,THRM
RUT,13.00,1.47,3.07%,58.30M,4.57%,1.11B,10.75,13.65%,-7.26%,56.52M,-13.99%,86.49M,1.18,0.21,96.50%,5.22%,-25.76%,1.32B,0.85,7.08%,2.18%,5.28,5.91%,8.39,2.28,7.21%,2.95M,24.56%,1.70,11.22,11.06%,18.90%,14.12 - 27.34,-21.58%,0.04 (0.21%),9.71,1.79%,10.00%,-30.15%,1.94,0.04 (0.21%),1.40,0.11%,36.71%,35.19%,0.74,"Mar 28, 2025",2.60,95.04%,10.05%,36.73,3.24% 3.70%,3636,0.80,4.29%,6.57%,1.00,31.33,Yes / Yes,0.77,9.87%,2.72%,0.56,18.78,-1.61%,18.59%,3.04%,Feb 25 BMO,558.72K,19.09,-4.44%,-14.27%,-4.74%,,"80,171",1.68%,TILE
-,12.50,1.20,0.11%,484.12M,2.92%,7.24B,9.44,15.68%,0.00%,483.57M,0.38%,579.48M,0.52,0.26,4.86%,0.30%,17.46%,4.73B,1.53,43.75%,6.28%,2.48,-5.19%,8.83,1.70,5.66%,1.47M,-15.79%,1.90,7.86,24.07%,12.04%,11.27 - 18.33,27.86%,1.44 (9.59%),5.04,-8.62%,8.94%,-18.34%,0.55,0.47 (3.17%),0.96,2.78%,50.10%,32.83%,0.37,"Feb 21, 2025",0.99,1.51%,22.17%,63.67,2.71% 2.10%,9127,0.59,-0.91%,12.24%,1.60,17.65,Yes / Yes,0.52,-17.80%,38.37%,0.47,14.59,3.07%,-43.87%,-10.29%,Feb 10 BMO,593.78K,14.97,3.06%,11.02%,4.76%,,"71,010",2.57%,TIMB
-,14.83,4.98,10.00%,70.00M,-4.10%,5.17B,11.26,15.54%,-1.79%,63.00M,-9.92%,352.70M,1.82,1.46,86.91%,3.22%,-4.82%,4.57B,1.13,-1.89%,2.70%,3.27,-6.42%,40.38,1.83,5.45%,2.03M,-14.63%,5.56,13.28,8.15%,13.04%,69.35 - 94.71,3.54%,1.39 (1.89%),16.92,1.15%,7.11%,-21.97%,1.27,1.36 (1.84%),1.61,4.22%,29.89%,6.57%,2.16,"Feb 25, 2025",3.07,-8.74%,13.56%,38.46,2.85% 2.62%,19000,0.77,-4.11%,7.71%,1.92,91.90,Yes / Yes,0.75,21.81%,27.08%,0.20,72.65,0.63%,17.10%,-1.61%,Feb 05 BMO,619.67K,73.90,-5.63%,-4.81%,-7.71%,,"31,627",1.72%,TKR
-,10.21,1.46,0.01%,990.62M,-1.81%,14.76B,9.46,5.75%,0.00%,990.50M,-2.01%,1.44B,4.64,0.36,4.21%,0.19%,-13.70%,9.55B,1.55,-3.86%,-3.43%,2.74,-25.78%,9.06,1.64,7.88%,1.87M,-40.35%,1.82,8.17,2.20%,16.61%,14.16 - 25.40,-9.45%,1.11 (7.47%),6.83,4.80%,12.51%,-41.36%,0.59,1.10 (7.36%),0.67,0.57%,35.26%,5.19%,0.44,"May 17, 2024",0.68,-7.36%,28.79%,43.78,2.26% 2.07%,20605,0.54,-2.99%,15.14%,1.46,21.91,No / Yes,0.29,-14.78%,51.55%,0.36,14.97,-4.89%,-8.45%,-4.99%,Oct 31 BMO,685.10K,14.90,-2.75%,-6.10%,-15.84%,,"63,983",-0.50%,TLK
-,7.37,25.22,0.00%,1.31B,-2.24%,243.19B,8.49,-0.56%,-,1.31B,1.77%,33.51B,-,3.32,1.63%,0.07%,5.81%,308.55B,0.79,-6.37%,-32.32%,2.30,6.43%,174.48,1.07,5.59%,0.92M,-21.87%,40.30,4.61,-0.98%,14.59%,159.04 - 255.23,-4.47%,6.02 (3.24%),-,16.62%,8.86%,-27.16%,0.62,5.46 (2.94%),1.06,2.99%,20.32%,16.90%,4.20,"Sep 30, 2024",1.21,7.56%,10.25%,51.62,1.62% 1.51%,380793,1.10,-0.59%,10.86%,1.73,221.79,Yes / Yes,0.65,61.55%,17.10%,0.57,182.97,4.74%,71.59%,-0.12%,Feb 05 BMO,400.21K,185.92,1.34%,0.05%,0.41%,,"58,447",1.61%,TM
RUT,6.92,8.28,2.64%,102.24M,-7.20%,5.83B,5.82,8.98%,-8.49%,99.05M,-11.06%,883.31M,-,1.89,98.00%,2.27%,-16.01%,8.17B,0.71,9.26%,-1.63%,2.08,-9.92%,57.38,1.00,9.83%,2.25M,-1.34%,4.79,11.97,-,15.80%,53.17 - 75.49,-6.36%,-,28.66,28.59%,10.98%,-24.07%,1.76,-,0.78,12.21%,24.29%,7.81%,2.02,-,6.38,19.06%,14.86%,33.74,3.35% 3.30%,3000,0.37,10.11%,10.81%,1.60,80.86,Yes / Yes,0.37,45.49%,0.00%,1.16,58.09,11.15%,-3.83%,16.67%,Feb 12 BMO,1.08M,57.32,-6.31%,-8.52%,-10.64%,,"320,258",-1.33%,TMHC
RUT,3.27,11.32,31.15%,34.35M,-3.29%,1.27B,5.01,4.94%,0.00%,23.65M,-11.76%,392.68M,2.48,1.25,51.68%,2.41%,-5.58%,1.14B,1.12,-31.65%,-1.06%,1.20,-31.32%,51.12,0.72,20.41%,0.57M,-28.22%,15.69,2.36,1.32%,23.93%,35.23 - 74.20,-6.86%,2.82 (7.62%),3.20,56.72%,22.00%,-50.05%,-0.14,1.00 (2.70%),5.32,13.91%,33.70%,5.19%,1.66,"Mar 03, 2025",5.66,-24.06%,29.44%,40.64,4.14% 4.72%,1590,0.03,-16.70%,34.55%,1.50,53.17,Yes / Yes,0.02,-26.66%,8.60%,0.57,36.75,-13.48%,1.83%,-17.54%,Feb 19 AMC,472.65K,37.06,-4.00%,-9.25%,-28.37%,,"68,881",0.84%,TNK
-,8.88,5.37,3.85%,67.12M,-11.09%,3.18B,6.48,14.03%,-5.14%,64.13M,-14.06%,345.00M,0.53,1.12,88.40%,2.44%,-11.41%,3.88B,0.82,12.21%,-3.89%,2.59,14.24%,-13.13,-,6.59%,1.56M,5.49%,4.93,9.66,16.75%,-,39.91 - 58.95,-5.51%,2.25 (4.73%),8.30,0.20%,8.24%,-19.13%,1.42,2.00 (4.20%),-,2.51%,35.58%,19.45%,1.72,"Mar 17, 2025",-,2.49%,22.49%,30.96,4.35% 3.12%,19000,-,3.52%,8.89%,1.67,65.25,Yes / Yes,-,-3.90%,37.41%,0.67,46.62,1.44%,5.74%,3.85%,Feb 19 BMO,603.88K,47.67,-11.45%,-10.89%,-1.84%,,"104,715",2.26%,TNL
-,7.13,14.53,0.70%,99.97M,-5.25%,10.29B,6.79,9.49%,-15.60%,98.74M,-15.53%,1.51B,2.09,2.88,89.57%,3.63%,-28.89%,10.76B,0.96,-7.21%,-0.51%,1.99,-25.73%,77.98,1.33,11.55%,3.58M,-15.26%,6.53,15.86,3.41%,20.38%,102.49 - 169.52,-17.80%,0.94 (0.91%),12.57,30.10%,14.32%,-38.93%,1.48,0.92 (0.89%),0.23,8.97%,27.75%,1.02%,3.78,"Apr 11, 2025",3.71,12.20%,18.29%,27.98,3.73% 3.22%,4900,0.37,5.86%,14.03%,1.95,145.57,Yes / Yes,0.35,-22.59%,6.00%,0.53,103.02,-2.68%,-14.22%,-4.55%,Feb 18 AMC,1.80M,103.53,-6.79%,-15.79%,-23.09%,,"247,016",0.50%,TOL
RUT,6.46,4.83,3.36%,92.45M,-4.63%,2.86B,8.26,16.82%,-2.45%,88.65M,-12.12%,458.03M,-,0.50,100.35%,3.39%,-24.22%,4.49B,0.64,-33.01%,0.70%,3.08,-25.66%,36.08,0.87,9.29%,3.00M,-8.75%,10.57,2.95,-6.07%,14.43%,30.25 - 47.78,-13.91%,-,4.26,26.92%,10.61%,-34.67%,1.44,-,2.72,8.69%,23.45%,3.19%,1.04,-,9.90,39.33%,12.93%,38.24,3.03% 3.41%,1750,0.33,20.93%,10.19%,1.75,40.17,Yes / Yes,0.29,0.39%,0.00%,0.34,31.15,1.29%,6.44%,-0.46%,Feb 18 BMO,975.29K,31.22,-2.22%,-9.89%,-21.63%,,"86,153",0.21%,TPH
-,2.81,6.42,45.14%,97.81M,-5.35%,1.75B,5.81,-1.45%,0.00%,53.38M,-10.36%,612.40M,-,0.69,62.66%,10.25%,-9.10%,1.56B,1.13,-51.80%,-6.13%,4.66,-45.78%,21.20,0.85,19.32%,5.47M,-46.86%,2.99,6.03,-14.18%,32.77%,16.76 - 40.47,-7.28%,2.50 (13.85%),7.16,23.87%,19.53%,-55.44%,0.09,5.86 (32.49%),1.92,26.33%,45.12%,7.60%,0.80,"Mar 20, 2025",2.16,-14.74%,38.99%,44.93,4.39% 3.66%,479,0.59,2.56%,39.27%,2.43,21.97,Yes / Yes,0.51,-62.35%,77.56%,1.13,17.64,1.48%,26.37%,-21.25%,Mar 06 BMO,1.17M,18.03,-1.77%,-7.95%,-36.86%,,"340,177",2.24%,TRMD
RUT,11.47,0.74,18.36%,81.00M,-0.85%,689.92M,7.89,5.47%,0.00%,66.13M,-0.85%,59.67M,2.18,0.25,81.21%,3.19%,-6.20%,350.93M,1.97,6.67%,19.65%,3.38,-2.19%,13.75,0.62,1.82%,2.11M,13.76%,2.35,3.62,5.27%,6.45%,6.92 - 9.61,0.20%,0.96 (11.27%),6.46,-15.43%,1.90%,-11.41%,1.78,0.83 (9.79%),-,33.22%,84.54%,23.02%,0.20,"Dec 27, 2024",-,144.34%,78.67%,51.12,2.90% 2.29%,-,2.31,-10.05%,17.00%,1.67,9.75,Yes / Yes,1.82,151.92%,128.53%,0.41,8.45,2.02%,-62.32%,-16.39%,Feb 18 AMC,623.30K,8.52,0.46%,0.48%,-1.30%,,"65,377",0.80%,TRTX
"DJIA, S&P 500",12.05,21.47,0.46%,226.60M,0.39%,58.66B,10.81,31.02%,-12.39%,225.68M,7.50%,4.96B,1.64,0.91,84.79%,1.55%,4.47%,46.42B,1.26,-15.34%,1.28%,2.69,11.85%,122.97,2.10,4.12%,3.50M,17.35%,-,-,7.35%,18.94%,200.21 - 269.55,7.40%,4.33 (1.67%),6.46,16.69%,13.78%,-4.02%,0.51,4.20 (1.62%),-,8.08%,-,29.22%,5.38,"Mar 10, 2025",0.46,68.50%,14.16%,59.84,2.49% 2.08%,34000,0.30,12.23%,10.69%,2.46,275.35,Yes / Yes,0.29,28.29%,19.33%,0.48,255.94,-0.07%,36.48%,9.89%,Jan 22 BMO,1.30M,258.71,2.88%,5.05%,10.14%,,"160,862",1.08%,TRV
-,10.57,3.60,0.16%,551.03M,2.30%,20.99B,9.78,9.31%,0.00%,550.16M,-1.84%,2.04B,3.56,0.78,9.39%,0.96%,-1.05%,12.52B,1.68,-1.36%,-9.19%,3.44,35.01%,30.61,1.24,9.81%,5.29M,-0.25%,5.53,6.88,2.97%,12.18%,27.24 - 40.72,0.78%,1.65 (4.32%),9.11,23.48%,12.19%,-6.48%,1.20,1.34 (3.52%),2.08,17.66%,34.22%,39.81%,0.96,"May 20, 2025",3.50,-45.76%,19.94%,53.31,2.81% 2.46%,25874,0.04,-15.77%,16.26%,2.00,43.13,Yes / Yes,0.01,-51.14%,18.05%,0.59,36.96,4.73%,37.05%,-16.68%,Feb 19 AMC,1.54M,38.08,1.50%,-0.06%,12.59%,,"232,879",3.04%,TS
-,9.28,6.74,0.00%,2.25B,1.85%,131.17B,7.48,3.79%,-,2.10B,2.74%,15.76B,1.86,2.01,7.51%,0.20%,10.16%,195.61B,0.67,3.61%,-0.55%,2.43,-5.78%,52.42,1.19,5.54%,4.25M,-5.65%,15.62,4.00,4.99%,13.43%,53.29 - 74.97,14.72%,3.59 (5.74%),8.23,9.25%,9.76%,-16.60%,0.48,3.33 (5.33%),0.88,7.45%,12.82%,17.33%,1.03,"Mar 25, 2025",1.10,-23.64%,12.82%,67.25,1.75% 1.63%,102579,0.45,-10.66%,8.06%,1.90,73.35,Yes / Yes,0.37,-19.85%,30.34%,0.72,61.94,10.99%,3.06%,-13.97%,Feb 05 BMO,1.75M,62.53,2.52%,5.22%,-1.83%,,"322,802",0.94%,TTE
RUT,4.11,0.82,5.53%,131.81M,0.90%,443.52M,7.13,44.17%,0.00%,125.08M,-24.04%,108.28M,0.06,0.07,69.06%,2.58%,-13.66%,599.11M,0.74,91.76%,-0.30%,3.03,20.50%,1.93,1.73,18.66%,3.22M,-20.62%,0.28,11.92,69.65%,56.37%,2.68 - 5.12,-6.42%,-,-,-,23.41%,-34.57%,1.56,-,1.36,4.29%,23.36%,25.00%,0.19,-,2.19,312.14%,8.37%,32.19,4.54% 5.20%,1400,0.87,-4.34%,18.07%,1.00,6.67,Yes / Yes,0.82,2686.62%,0.00%,0.42,3.25,-3.47%,0.00%,-12.16%,Feb 25 AMC,1.06M,3.35,-11.01%,-18.10%,-6.18%,,"114,469",3.08%,TTI
RUT,6.50,2.09,1.42%,103.68M,-3.51%,1.41B,7.78,0.83%,-6.10%,102.55M,3.47%,249.98M,0.14,0.41,70.89%,2.79%,13.60%,846.76M,1.67,214.46%,5.02%,2.15,0.47%,14.67,0.93,2.34%,2.86M,8.53%,7.86,1.73,46.22%,13.74%,10.84 - 14.28,14.75%,1.80 (13.26%),7.03,-8.55%,7.35%,-4.93%,1.37,1.34 (9.88%),-,1011.94%,104.54%,25.24%,0.28,"Jan 03, 2025",-,251.10%,112.43%,53.59,3.07% 1.86%,477,4.28,28.33%,29.52%,2.00,13.94,Yes / Yes,0.60,151.96%,75.93%,0.31,13.37,-248.56%,-48.78%,793.63%,Jan 29 AMC,1.33M,13.58,-1.31%,6.18%,6.19%,,"106,894",1.54%,TWO
S&P 500,7.60,9.43,0.67%,327.90M,-13.48%,23.47B,4.89,14.18%,-4.76%,325.14M,-31.17%,3.15B,0.50,0.86,88.09%,5.43%,-25.72%,57.06B,0.41,20.95%,6.45%,2.46,47.94%,38.66,1.85,4.34%,17.67M,70.04%,44.25,1.62,15.17%,28.63%,37.02 - 116.00,-26.15%,-,6.13,-3.98%,7.43%,-38.19%,1.20,-,0.74,20.83%,13.04%,93.69%,5.46,"Jan 07, 2008",0.81,20.08%,9.13%,26.81,8.94% 6.44%,107300,2.65,6.23%,5.52%,1.46,127.74,Yes / Yes,2.34,62.60%,0.00%,1.00,69.90,2.01%,7.31%,7.85%,Jan 21 AMC,7.18M,71.70,-20.16%,-27.47%,-0.34%,,"1,849,207",2.58%,UAL
-,10.27,1.28,15.40%,5.97M,-2.63%,75.95M,7.63,13.16%,0.00%,4.90M,5.23%,7.22M,0.69,-,10.61%,0.26%,-6.47%,43.98M,1.73,19.69%,9.26%,1.97,11.68%,11.47,1.14,0.88%,0.01M,10.75%,-,-,14.97%,10.94%,11.25 - 15.30,2.23%,0.73 (5.56%),-,2.41%,4.32%,-14.26%,0.27,0.71 (5.40%),-,8.11%,-,16.58%,0.58,"Mar 10, 2025",0.07,-18.74%,16.59%,51.35,6.03% 3.96%,115,0.45,7.52%,16.43%,1.00,20.00,No / Yes,1.49,-21.44%,52.76%,0.20,13.01,-,-,5.03%,Feb 07 BMO,6.58K,13.12,0.29%,1.69%,4.32%,,346,0.85%,UBCP
RUT,11.89,2.39,16.09%,25.38M,1.47%,720.07M,10.39,7.97%,-0.38%,21.30M,10.73%,61.96M,-,0.64,64.57%,1.15%,-7.74%,1.25B,0.58,-1.22%,-0.40%,1.65,42.49%,31.01,0.91,1.93%,0.24M,28.31%,-,-,-,8.18%,18.04 - 31.70,-0.28%,0.64 (2.26%),3.70,32.77%,6.86%,-10.50%,0.35,0.64 (2.26%),-,1.37%,-,57.26%,0.85,"Mar 07, 2025",0.11,271.57%,6.49%,59.84,2.83% 3.68%,852,0.15,14.12%,4.96%,2.33,30.00,Yes / Yes,0.15,57.14%,26.78%,0.27,28.16,1.70%,65.72%,14.90%,Feb 11 AMC,148.28K,28.37,3.74%,6.83%,19.93%,,"10,331",0.75%,UFCS
-,12.82,2.54,0.11%,216.21M,-1.17%,7.01B,10.66,3.38%,2.08%,214.57M,0.97%,550.00M,7.97,1.96,91.25%,6.54%,14.35%,7.12B,0.98,-3.26%,7.50%,6.87,39.11%,21.18,1.54,3.53%,14.03M,27.83%,1.15,28.50,1.61%,12.22%,22.01 - 34.49,15.60%,1.50 (4.60%),18.64,-2.45%,4.92%,-5.38%,1.08,1.50 (4.60%),0.82,1.61%,44.75%,48.27%,0.73,"Mar 17, 2025",1.00,220.53%,15.28%,53.50,2.82% 2.06%,9750,1.59,-14.01%,7.72%,2.00,35.00,Yes / Yes,1.44,298.76%,120.04%,0.52,31.98,-23.31%,25.45%,-4.15%,Feb 05 AMC,2.04M,32.63,-0.92%,4.28%,23.68%,,"273,794",2.05%,UGI
-,7.68,0.39,-,1.08B,4.02%,3.22B,8.53,17.15%,-,-,4.02%,432.83M,1.30,0.07,5.83%,-,-2.46%,24.78B,0.13,-13.75%,10.00%,2.06,-26.90%,2.27,1.31,5.96%,2.95M,-48.44%,0.71,4.17,5.89%,16.54%,2.53 - 5.85,13.12%,0.12 (4.05%),20.89,35.46%,9.88%,-49.15%,1.13,0.12 (4.13%),1.20,6.14%,7.21%,17.54%,0.11,"Mar 10, 2025",1.57,-12.12%,3.93%,58.02,3.43% 3.17%,9558,1.04,-1.88%,1.75%,2.23,3.90,Yes / Yes,0.79,-35.74%,27.24%,1.03,2.84,3.81%,107.47%,-10.07%,Feb 26 AMC,1.43M,2.97,3.99%,6.19%,-16.15%,,"378,746",4.75%,UGP
S&P 500,10.05,16.83,16.21%,57.73M,-2.02%,10.99B,7.98,10.95%,-0.02%,54.47M,-5.61%,1.14B,0.81,4.37,83.46%,3.58%,-11.75%,15.83B,0.69,15.07%,1.16%,2.67,-26.37%,102.59,1.65,7.82%,1.95M,-3.17%,1.94,87.27,12.43%,17.82%,152.68 - 243.25,-5.71%,0.81 (0.48%),9.79,13.00%,9.92%,-30.45%,1.27,0.80 (0.47%),1.17,6.87%,10.63%,10.80%,6.44,"Mar 03, 2025",1.27,65.64%,10.63%,40.63,3.78% 3.42%,99000,0.74,10.82%,7.22%,2.25,232.80,Yes / Yes,0.73,57.05%,4.76%,0.68,163.99,2.69%,18.26%,11.08%,Feb 26 AMC,730.11K,169.18,-4.58%,-7.34%,-15.59%,,"128,264",3.16%,UHS
RUT,5.36,4.93,74.79%,26.32M,-5.49%,695.71M,6.69,40.57%,0.00%,6.63M,-7.76%,129.91M,-,0.48,27.58%,2.70%,-45.63%,1.85B,0.38,-43.00%,5.23%,3.40,-34.09%,23.98,1.10,8.51%,0.18M,-25.85%,1.18,22.49,-,22.03%,25.13 - 53.29,-42.46%,-,-,29.78%,9.24%,-50.39%,0.92,0.42 (1.59%),1.36,5.30%,14.85%,5.19%,1.47,"Mar 03, 2025",1.90,39.68%,11.20%,31.69,5.40% 4.78%,9311,1.17,11.06%,7.04%,3.00,37.00,No / Yes,1.17,-5.98%,8.52%,0.57,25.96,8.85%,-17.20%,18.98%,Feb 06 AMC,52.60K,26.43,-3.64%,-26.63%,-36.56%,,"7,693",1.83%,ULH
S&P 500,13.94,25.00,0.25%,46.57M,-1.98%,16.16B,13.60,11.08%,0.00%,46.26M,-6.63%,1.20B,3.27,5.80,91.99%,5.11%,-15.42%,11.36B,1.42,-9.01%,-0.50%,2.56,-6.42%,50.01,6.97,20.81%,2.36M,-37.29%,3.83,90.87,4.26%,55.18%,309.01 - 574.76,-19.90%,-,16.30,18.93%,30.17%,-39.39%,1.22,-,0.32,12.88%,38.67%,12.74%,14.55,"Mar 16, 2012",1.63,1.31%,13.91%,44.05,4.72% 3.48%,56000,0.92,4.44%,10.58%,2.34,418.54,Yes / Yes,0.71,1.47%,0.00%,5.03,314.47,0.62%,18.58%,1.65%,Mar 13 AMC,923.29K,348.39,-1.78%,-9.99%,-9.05%,,"1,193,373",10.79%,ULTA
-,8.22,9.47,1.03%,178.59M,-1.58%,13.75B,7.85,9.49%,-9.10%,174.96M,3.53%,1.78B,0.97,2.18,88.82%,1.64%,6.80%,12.90B,1.07,7.24%,-2.12%,2.17,45.87%,61.38,1.27,3.31%,2.87M,52.87%,-,-,8.45%,17.26%,48.38 - 83.96,6.52%,1.80 (2.32%),12.88,12.53%,12.29%,-7.34%,0.47,1.62 (2.09%),-,1.65%,-,60.80%,2.24,"Jan 24, 2025",-,45.42%,19.71%,51.26,3.21% 2.62%,11063,0.35,4.03%,13.79%,1.69,93.07,Yes / Yes,0.32,13.52%,16.60%,0.67,77.15,-1.71%,-5.10%,2.57%,Feb 04 AMC,1.32M,77.79,0.24%,2.39%,21.65%,,"227,086",0.84%,UNM
RUT,11.01,2.21,10.77%,54.74M,-5.85%,1.40B,4.83,20.18%,0.22%,51.24M,-17.26%,123.48M,0.66,0.95,81.99%,4.76%,-27.91%,4.32B,0.32,9.28%,2.90%,4.67,-18.73%,11.49,2.11,4.60%,2.44M,-27.66%,1.06,22.93,16.59%,20.76%,23.35 - 38.72,-16.70%,1.58 (6.50%),28.80,-6.57%,5.85%,-37.24%,1.91,1.50 (6.17%),0.52,12.63%,26.87%,4.07%,1.01,"Dec 18, 2024",2.93,2450.88%,7.68%,34.86,4.71% 4.12%,11970,2.52,8.22%,2.86%,1.56,39.89,Yes / Yes,2.35,366.76%,67.95%,0.51,23.59,2.05%,1.64%,6.01%,Feb 20 BMO,521.86K,24.30,-7.19%,-13.63%,-21.01%,,"68,828",3.01%,UPBD
RUT,11.49,4.27,36.88%,92.28M,-8.42%,4.53B,9.63,9.80%,-0.40%,58.25M,-12.38%,402.46M,1.11,0.82,70.01%,10.51%,-2.97%,5.55B,0.82,14.30%,-5.94%,3.16,42.46%,26.78,1.83,9.33%,6.12M,20.69%,6.62,7.41,10.37%,17.56%,33.86 - 61.16,-10.62%,1.33 (2.72%),8.03,20.58%,12.04%,-19.80%,1.39,-,0.81,7.81%,36.34%,44.86%,2.64,-,1.39,40.01%,8.62%,34.69,5.72% 4.50%,28000,0.44,7.71%,7.25%,2.64,60.73,Yes / Yes,0.35,154.12%,0.00%,0.57,49.87,0.55%,10.95%,10.09%,Feb 26 AMC,1.94M,49.05,-10.26%,-11.89%,8.43%,,"282,865",-1.64%,URBN
S&P 500,10.99,3.79,0.23%,1.56B,-6.94%,64.84B,8.57,11.44%,-7.37%,1.55B,-12.37%,5.91B,0.89,0.98,81.47%,1.62%,-19.30%,42.29B,1.53,14.96%,2.66%,2.72,-7.00%,33.19,1.25,0.93%,25.16M,-3.69%,-,-,12.31%,11.00%,37.81 - 53.98,-12.99%,2.03 (4.88%),5.75,-1.86%,5.40%,-22.90%,0.95,1.98 (4.76%),-,12.09%,-,10.07%,1.20,"Mar 31, 2025",0.17,15.52%,18.79%,29.47,3.45% 2.47%,70263,1.28,5.59%,13.97%,2.04,57.05,Yes / Yes,0.87,106.12%,52.31%,0.73,40.92,0.11%,-3.98%,6.90%,Jan 16 BMO,9.25M,41.62,-7.38%,-11.23%,-9.11%,,"1,732,974",1.70%,USB
RUT,13.61,2.19,41.27%,19.06M,-9.56%,563.54M,9.65,20.47%,-0.27%,11.19M,-2.01%,42.03M,-,0.73,57.08%,7.58%,-22.57%,854.50M,0.66,-0.97%,1.83%,4.85,-20.04%,27.91,1.07,6.09%,0.85M,-38.81%,9.62,3.10,-,7.76%,27.71 - 50.32,-16.94%,-,11.07,-13.02%,7.05%,-40.76%,0.93,-,1.49,-3.86%,79.43%,7.58%,1.48,-,1.99,-8.45%,7.76%,40.63,3.98% 5.43%,1700,0.07,-7.22%,4.92%,3.00,50.50,Yes / Yes,0.02,-73.23%,0.00%,0.24,30.37,2.29%,30.61%,-3.38%,Feb 25 AMC,174.73K,29.81,-5.22%,-8.82%,-22.49%,,"10,975",-1.84%,USNA
RUT,10.69,1.99,9.47%,28.10M,0.85%,597.59M,7.27,13.63%,-6.17%,25.44M,6.83%,58.92M,-,1.26,69.67%,1.24%,0.24%,1.52B,0.39,43.92%,-0.79%,2.11,4.97%,13.28,1.60,3.04%,0.32M,2.36%,-,-,-,16.49%,16.41 - 23.26,1.00%,-,4.60,8.18%,12.42%,-8.54%,0.81,0.64 (3.00%),-,10.17%,-,29.65%,0.69,"Mar 07, 2025",0.80,-8.09%,5.99%,54.53,3.79% 3.46%,1068,0.27,9.27%,3.87%,2.00,27.00,Yes / Yes,0.27,-69.54%,31.80%,1.08,21.33,4.66%,195.86%,2.49%,Feb 25 AMC,150.13K,21.27,1.02%,4.99%,5.27%,,"41,865",-0.28%,UVE
RUT,10.84,2.59,1.86%,29.05M,-2.77%,812.92M,9.92,12.32%,-2.33%,28.46M,-8.93%,75.93M,-,0.64,78.45%,0.82%,-11.24%,499.91M,1.63,-2.45%,1.43%,2.29,3.17%,30.55,0.92,0.95%,0.23M,38.97%,-,-,-,8.80%,18.41 - 32.75,-5.02%,0.85 (3.04%),11.55,2.91%,6.26%,-14.41%,0.74,0.84 (3.00%),-,13.11%,-,52.25%,0.97,"Feb 05, 2025",0.07,7.54%,19.06%,36.44,3.20% 3.60%,949,0.47,11.77%,15.19%,3.00,31.67,Yes / Yes,0.37,18.18%,32.53%,0.19,27.71,4.56%,14.70%,7.54%,Jan 22 AMC,101.92K,28.03,-4.78%,-5.76%,0.82%,,"4,856",1.15%,UVSP
-,11.83,5.62,8.85%,34.88M,-8.78%,2.32B,8.30,15.80%,0.19%,31.82M,-20.71%,218.00M,1.31,1.60,84.11%,4.94%,-30.34%,4.97B,0.47,5.52%,-0.99%,3.61,-3.87%,70.02,0.95,2.24%,1.57M,-30.38%,15.12,4.40,9.06%,9.04%,66.06 - 108.57,-25.91%,3.15 (4.74%),15.69,12.67%,2.89%,-38.72%,1.65,3.10 (4.66%),-,5.77%,18.20%,0.71%,3.17,"Mar 05, 2025",-,-10.62%,11.01%,27.79,4.48% 4.41%,22300,2.18,5.08%,4.39%,2.27,100.90,Yes / Yes,2.09,38.80%,54.54%,0.48,66.40,6.71%,22.39%,11.14%,Feb 26 AMC,435.44K,66.53,-14.20%,-19.40%,-19.54%,,"54,103",0.20%,VAC
RUT,7.30,5.14,11.45%,71.00M,0.32%,2.66B,6.62,48.75%,-0.28%,62.90M,-18.62%,373.40M,0.47,1.17,93.79%,18.11%,-17.14%,2.36B,1.13,-25.93%,-3.81%,5.95,-31.13%,31.53,1.19,8.54%,11.39M,-45.34%,5.36,7.00,15.58%,17.67%,31.15 - 84.20,-15.21%,0.20 (0.53%),-,-,11.05%,-55.45%,1.10,-,1.53,5.93%,20.30%,20.41%,1.99,-,1.53,-56.29%,15.38%,42.55,5.17% 5.57%,5642,0.52,32.42%,15.80%,2.06,51.20,Yes / Yes,0.51,-83.38%,0.00%,0.47,36.31,1.08%,79.41%,20.79%,Feb 20 BMO,1.92M,37.51,-1.95%,-13.89%,-32.43%,,"230,945",3.30%,VAL
-,6.91,1.42,0.00%,4.27B,-0.72%,41.96B,5.15,5.41%,-,4.27B,2.81%,6.09B,0.72,0.40,14.62%,2.65%,0.37%,38.11B,1.10,25.66%,-0.54%,3.34,-2.97%,7.84,1.25,6.99%,113.19M,-15.77%,1.18,8.36,9.54%,16.72%,8.38 - 12.56,10.81%,0.85 (8.63%),14.55,-,12.72%,-21.73%,0.77,0.38 (3.82%),0.68,1.90%,36.01%,17.29%,0.28,"Mar 10, 2025",1.03,-22.75%,29.07%,56.40,2.88% 2.29%,64616,0.46,-8.71%,15.97%,1.96,12.48,Yes / Yes,0.43,-133.54%,54.73%,1.39,9.42,0.42%,-134.73%,-21.82%,Feb 20 BMO,33.87M,9.83,1.57%,5.72%,-2.93%,,"12,106,170",4.34%,VALE
-,10.86,0.94,36.95%,32.52M,-2.95%,332.03M,5.02,77.24%,0.00%,20.50M,-25.04%,25.03M,-,0.20,34.24%,0.26%,-34.47%,216.38M,1.53,8.72%,101.18%,0.37,-20.54%,11.07,0.92,0.77%,0.05M,1.29%,-,-,-,7.85%,9.48 - 18.38,-26.28%,0.07 (0.68%),6.08,11.33%,5.74%,-44.45%,-,0.06 (0.54%),-,28.89%,-,7.76%,0.51,"Apr 04, 2025",39.07,-25.72%,16.44%,26.46,4.34% 4.24%,121,0.21,13.09%,11.57%,1.75,14.44,Yes / Yes,0.21,-44.40%,6.70%,0.37,9.88,-9.81%,-32.98%,0.20%,Mar 05 BMO,145.27K,10.21,-13.39%,-20.95%,-22.36%,,"13,913",3.34%,VBNK
RUT,12.39,1.95,4.35%,54.52M,-0.86%,1.32B,9.82,11.30%,-1.54%,52.10M,-8.76%,107.24M,-,0.52,90.13%,2.60%,-18.53%,796.18M,1.65,13.50%,2.04%,3.27,1.42%,29.37,0.82,0.85%,1.35M,25.09%,-,-,-,6.85%,18.08 - 31.62,-10.97%,0.82 (3.37%),10.64,3.03%,5.80%,-23.53%,1.11,0.80 (3.31%),-,16.70%,-,33.74%,0.76,"Feb 14, 2025",0.15,-1.34%,17.46%,37.46,3.39% 2.68%,858,0.16,2.74%,13.47%,1.67,32.25,Yes / Yes,0.15,603.91%,41.00%,0.21,23.85,-5.37%,-18.43%,-1.98%,Jan 28 AMC,414.09K,24.18,-4.41%,-7.08%,-4.37%,,"22,723",1.38%,VBTX
RUT,8.30,9.82,1.47%,27.20M,-7.12%,2.21B,8.64,10.98%,-3.40%,26.68M,1.47%,274.00M,-,1.79,105.63%,2.75%,-13.15%,3.87B,0.57,-21.78%,4.72%,2.26,-9.27%,45.18,1.80,9.80%,0.73M,-30.41%,23.12,3.52,-0.51%,24.17%,75.75 - 119.16,-8.21%,-,7.60,31.66%,17.04%,-31.65%,1.29,-,1.43,6.77%,13.74%,7.51%,2.90,"Jan 25, 2016",1.74,-42.94%,8.38%,40.04,3.61% 3.53%,10000,0.35,-2.23%,7.09%,1.76,107.54,Yes / Yes,0.31,-66.31%,0.00%,0.44,80.77,-1.50%,126.32%,-5.15%,Feb 18 BMO,324.73K,81.44,-5.53%,-4.25%,-14.19%,,"37,040",0.83%,VC
RUT,10.38,1.89,41.60%,33.55M,-4.25%,667.04M,8.53,3.71%,0.00%,19.86M,6.17%,67.58M,1.21,0.54,59.90%,1.41%,-4.43%,445.98M,1.50,9.24%,-0.01%,4.43,0.46%,15.41,1.27,1.36%,0.28M,16.87%,2.08,9.42,8.60%,14.22%,15.69 - 20.98,0.26%,-,18.00,17.03%,1.34%,-6.53%,0.67,-,-,27.32%,90.18%,24.98%,0.44,-,-,29.41%,83.74%,59.18,3.43% 1.70%,309,9.41,31.74%,15.15%,2.25,21.75,Yes / Yes,8.73,15.05%,0.00%,1.78,19.50,29.16%,24.35%,33.29%,Mar 06 AMC,63.34K,19.61,3.19%,4.10%,2.56%,,"29,006",0.56%,VEL
-,8.47,1.99,0.05%,434.91M,-1.43%,7.33B,6.54,7.31%,0.00%,434.68M,12.97%,1.08B,1.82,0.61,68.51%,1.41%,17.29%,15.06B,0.49,3.77%,-0.51%,1.72,31.68%,10.68,1.58,10.51%,6.14M,-4.23%,9.08,1.86,4.64%,20.12%,11.50 - 18.08,25.13%,0.47 (2.81%),-,18.03%,19.35%,-6.75%,0.48,0.43 (2.55%),1.10,3.12%,23.49%,46.57%,0.68,"Apr 11, 2025",1.26,-2.19%,7.62%,62.44,3.33% 4.80%,14638,0.08,-5.47%,7.14%,2.17,16.46,Yes / Yes,0.01,-11.81%,24.07%,0.71,16.75,2.53%,11.50%,-3.66%,Feb 21 BMO,3.58M,16.85,6.63%,14.20%,18.26%,,"651,517",0.63%,VIPS
RUT,6.48,1.54,16.91%,16.29M,-5.00%,162.65M,7.62,-14.94%,0.00%,13.53M,-9.88%,25.03M,-,-0.15,53.20%,7.50%,-20.28%,280.38M,0.58,14.93%,4.70%,7.90,-30.95%,7.11,1.40,13.63%,1.01M,3.36%,2.39,4.19,-,23.88%,9.08 - 18.50,-2.59%,-,4.06,-,15.93%,-46.03%,0.40,0.09 (0.90%),1.70,10.61%,43.98%,9.97%,0.46,"Mar 26, 2025",2.88,-11.30%,11.84%,40.35,4.91% 4.13%,776,0.37,5.68%,8.93%,1.00,17.00,Yes / Yes,0.36,-16.65%,1.50%,0.28,9.75,-14.74%,-40.23%,-1.94%,Dec 09 BMO,128.48K,9.98,-4.56%,-5.58%,-26.39%,,"9,220",2.41%,VIRC
-,14.18,0.62,0.00%,1.63B,3.17%,14.31B,10.94,16.98%,-,1.63B,-0.68%,1.02B,0.65,0.14,5.00%,0.13%,8.28%,10.39B,1.38,17.58%,0.08%,2.30,-5.04%,6.94,1.27,4.52%,2.15M,-8.74%,0.68,12.93,21.68%,7.95%,7.27 - 9.98,19.71%,0.73 (8.31%),7.31,-3.56%,7.48%,-11.79%,0.59,0.00 (0.00%),0.90,-0.49%,39.45%,21.07%,0.22,"Feb 25, 2025",0.94,1.69%,14.79%,58.37,2.17% 2.15%,-,0.30,-0.47%,9.80%,1.57,9.96,Yes / Yes,0.21,-4.82%,38.88%,1.53,8.54,3.80%,8.60%,-8.54%,Feb 25 AMC,934.61K,8.80,2.19%,5.54%,3.40%,,"367,331",3.04%,VIV
-,5.05,1.09,18.23%,114.97M,-9.54%,632.34M,5.74,43.92%,0.00%,94.01M,-28.48%,126.00M,0.18,-0.37,27.00%,0.97%,-34.68%,3.14B,0.20,-38.39%,-26.83%,1.46,-14.60%,3.17,1.73,2.32%,0.92M,-23.29%,8.30,0.66,27.75%,41.49%,5.15 - 9.57,-26.08%,0.05 (0.82%),-,-4.46%,3.54%,-42.53%,2.15,-,0.77,21.75%,16.42%,6.80%,0.37,-,0.78,1459.83%,6.84%,28.52,7.42% 6.02%,6901,10.61,-3.62%,4.01%,1.27,11.72,Yes / Yes,8.76,-58.92%,0.00%,1.44,5.31,-0.83%,-27.27%,-7.12%,Feb 24 BMO,626.15K,5.50,-16.62%,-27.13%,-21.42%,,"231,324",3.58%,VLRS
RUT,12.52,0.69,14.65%,558.79M,-3.62%,4.85B,7.46,22.73%,1.11%,478.17M,-12.05%,358.90M,0.49,0.19,69.30%,5.10%,-16.54%,3.57B,1.36,52.52%,14.00%,2.89,6.85%,12.67,0.68,0.61%,24.38M,8.18%,-,-,25.39%,5.38%,6.47 - 11.10,-4.47%,0.44 (5.08%),9.34,-4.53%,3.34%,-21.99%,1.10,0.44 (5.08%),-,21.96%,-,33.77%,0.29,"Mar 14, 2025",0.10,-26.94%,12.18%,31.91,3.54% 3.06%,3732,0.50,6.09%,10.06%,2.20,11.56,Yes / Yes,0.44,52.08%,63.50%,0.43,8.56,1.33%,-5.80%,1.73%,Jan 23 BMO,8.43M,8.65,-7.26%,-9.49%,-1.98%,,"937,890",1.11%,VLY
-,5.67,0.36,72.63%,12.61M,-10.09%,25.85M,10.51,-41.79%,-70.28%,3.45M,-30.98%,4.63M,-,-0.10,7.60%,7.44%,21.30%,288.81M,0.09,-52.82%,-89.54%,0.10,15.13%,4.53,0.45,1.85%,0.26M,-39.17%,0.07,29.04,-16.73%,8.53%,1.27 - 6.89,-43.68%,-,2.45,-,2.40%,-70.25%,1.04,-,0.64,-0.48%,46.82%,61.42%,0.28,-,1.74,-76.07%,1.10%,30.38,7.89% 8.61%,579,2.63,-6.50%,1.60%,1.00,6.50,No / Yes,2.38,335.20%,0.00%,0.01,2.07,-2.18%,-156.25%,-4.66%,Dec 10 BMO,2.65M,2.05,-19.13%,-34.99%,-4.86%,,"9,165",-0.97%,VNCE
-,11.93,2.75,0.67%,149.30M,-2.59%,4.87B,9.53,10.56%,0.00%,147.71M,-13.12%,422.20M,1.27,0.72,99.02%,1.83%,-16.30%,2.98B,1.64,7.65%,-0.84%,2.87,2.57%,7.04,4.65,9.81%,2.70M,-23.47%,2.40,13.67,9.37%,43.49%,31.22 - 45.62,-10.15%,0.05 (0.15%),14.13,1.15%,13.28%,-28.17%,1.30,0.10 (0.31%),1.14,1.61%,45.13%,4.96%,1.11,"Mar 06, 2025",1.51,13.76%,18.03%,30.68,3.61% 3.17%,8000,2.09,-3.75%,14.17%,1.92,45.00,Yes / Yes,2.03,19.98%,3.64%,0.50,32.10,1.12%,1.70%,-1.55%,Feb 13 BMO,940.95K,32.77,-9.04%,-11.43%,-10.77%,,"120,829",2.09%,VNT
-,9.33,1.02,0.05%,2.50B,1.44%,23.90B,9.57,21.41%,0.00%,2.50B,11.24%,2.76B,0.76,0.32,7.89%,0.52%,8.09%,35.84B,0.67,1.76%,57.35%,1.36,-4.83%,27.27,0.35,1.80%,12.99M,6.41%,5.83,1.64,12.30%,4.31%,8.00 - 10.39,12.55%,0.49 (5.08%),1.90,-,2.32%,-8.03%,0.50,0.72 (7.57%),1.05,-3.93%,35.54%,19.44%,0.18,"Nov 22, 2024",1.08,-74.77%,13.91%,70.97,2.38% 1.45%,93000,0.93,-24.84%,7.71%,2.60,10.91,Yes / Yes,0.79,409.62%,206.32%,1.81,9.50,-3.52%,91.51%,-16.73%,Nov 12 BMO,9.58M,9.56,7.78%,11.02%,4.66%,,"4,464,119",0.58%,VOD
-,10.78,6.12,0.46%,95.50M,-6.29%,6.30B,6.52,24.31%,-2.83%,95.08M,-10.11%,626.00M,0.64,1.63,99.22%,2.42%,-8.61%,8.05B,0.78,12.28%,-0.99%,2.55,-11.94%,41.94,1.57,0.45%,2.30M,-5.22%,-,-,16.89%,16.27%,64.10 - 84.30,-4.13%,1.87 (2.84%),4.69,2.70%,8.71%,-21.72%,0.94,1.75 (2.65%),-,6.25%,-,2.95%,1.93,"Feb 25, 2025",-,10.22%,13.64%,35.73,3.19% 2.53%,10000,0.90,9.55%,7.78%,2.07,81.62,Yes / Yes,0.79,-14.82%,27.54%,0.36,65.10,6.48%,95.04%,10.50%,Feb 04 AMC,903.64K,65.99,-6.35%,-6.13%,-10.23%,,"84,572",1.37%,VOYA
RUT,10.07,16.90,6.15%,6.97M,-6.32%,1.19B,5.64,8.33%,0.00%,6.54M,-7.74%,121.75M,1.30,5.93,81.50%,1.08%,-30.74%,896.40M,1.32,6.35%,-0.81%,1.70,-12.73%,128.82,1.32,3.13%,0.07M,-31.19%,57.45,2.96,7.77%,13.82%,167.13 - 263.39,-22.86%,9.37 (5.51%),4.90,9.52%,10.28%,-35.40%,1.36,8.30 (4.88%),-,12.10%,81.99%,1.81%,5.45,"Apr 30, 2025",-,-4.53%,18.72%,33.80,3.26% 2.54%,805,0.34,5.54%,13.58%,3.50,217.50,No / Yes,0.32,10.72%,49.15%,0.21,167.94,9.62%,0.98%,6.38%,Jan 31 BMO,41.54K,170.16,-5.41%,-12.67%,-20.66%,,"2,252",1.32%,VRTS
RUT,9.26,1.97,10.66%,78.62M,-4.46%,1.43B,6.96,11.68%,13.89%,70.24M,-44.17%,165.41M,2.35,0.02,91.39%,9.77%,-60.97%,6.23B,0.23,-12.91%,-0.82%,2.44,-14.07%,5.43,3.35,3.19%,6.86M,-2.52%,2.05,8.89,3.94%,47.18%,15.12 - 48.73,-56.06%,-,9.06,-,5.06%,-62.65%,2.38,-,0.33,-2.17%,39.34%,20.37%,1.75,-,1.17,59.00%,5.37%,21.11,8.68% 7.19%,30000,7.22,0.76%,2.66%,2.82,27.68,Yes / Yes,6.62,1.36%,0.00%,2.01,17.65,1.03%,13.20%,1.11%,Mar 05 AMC,2.82M,18.20,-25.02%,-42.50%,-35.08%,,"1,455,586",3.12%,VSCO
RUT,9.75,3.20,3.52%,28.63M,-4.31%,893.18M,6.49,47.39%,-15.18%,27.62M,-13.23%,94.80M,-,0.61,96.94%,1.32%,-13.94%,1.42B,0.63,-14.00%,0.63%,3.14,-7.32%,31.15,1.00,4.67%,0.37M,20.91%,8.78,3.55,-,11.05%,24.33 - 41.50,-9.05%,-,-,-,5.41%,-24.83%,1.16,-,1.55,88.02%,21.55%,28.22%,1.18,-,1.90,1481.32%,9.15%,34.44,3.03% 3.46%,3447,1.07,9.10%,6.70%,1.00,48.50,Yes / Yes,0.96,480.26%,0.00%,0.08,31.02,-0.76%,122.43%,4.61%,Feb 26 AMC,116.32K,31.20,-8.96%,-10.49%,-11.52%,,"2,368",0.56%,VTOL
RUT,9.65,0.53,6.50%,11.24M,-9.36%,57.01M,11.65,42.62%,0.00%,10.52M,-12.64%,5.80M,-,0.04,26.51%,6.48%,-30.11%,31.77M,1.79,-60.39%,-3.13%,10.90,-19.19%,4.10,1.23,8.61%,0.68M,-43.45%,1.75,2.90,-,13.50%,4.88 - 17.68,-24.93%,-,21.27,50.55%,10.71%,-71.34%,0.38,-,3.46,20.07%,78.35%,3.94%,0.32,-,5.02,-18.08%,18.42%,30.94,6.43% 5.52%,112,0.18,-13.13%,18.24%,1.00,11.25,Yes / Yes,0.17,-65.06%,0.00%,1.45,4.96,15.10%,233.33%,-1.02%,Nov 12 AMC,62.53K,5.07,-11.23%,-18.14%,-27.12%,,"23,273",2.16%,VTSI
"DJIA, S&P 500",10.42,4.15,0.05%,4.21B,-6.18%,181.92B,8.90,3.93%,-3.47%,4.21B,6.62%,17.51B,2.86,1.14,65.42%,1.54%,2.16%,134.79B,1.35,1.77%,1.00%,2.65,-1.34%,23.57,1.83,4.58%,64.88M,7.68%,1.07,40.31,3.65%,18.27%,37.58 - 47.35,8.06%,2.74 (6.34%),9.18,-2.29%,7.28%,-8.74%,0.41,2.69 (6.21%),0.55,0.47%,46.59%,14.98%,1.22,"Apr 10, 2025",0.58,50.39%,22.78%,52.51,3.34% 2.34%,99600,1.70,0.61%,12.99%,2.37,46.29,Yes / Yes,1.42,284.45%,64.77%,0.71,43.71,1.03%,1.28%,1.57%,Jan 24 BMO,24.51M,43.21,-0.12%,5.33%,3.96%,,"4,464,401",-1.13%,VZ
RUT,12.97,2.16,1.60%,81.37M,-2.57%,2.29B,9.29,24.15%,-1.48%,80.24M,-4.72%,174.23M,-,0.58,79.64%,2.37%,-21.53%,1.49B,1.54,-2.70%,1.18%,3.62,-20.03%,33.45,0.84,0.75%,1.90M,1.92%,-,-,-,6.90%,25.78 - 38.62,-12.93%,1.05 (3.75%),6.44,-0.91%,2.94%,-27.32%,0.79,1.05 (3.74%),-,16.16%,-,8.86%,0.80,"Feb 21, 2025",0.26,-36.51%,16.40%,37.61,3.25% 2.61%,2208,0.96,29.57%,11.68%,3.00,32.50,Yes / Yes,0.96,-37.12%,41.27%,0.39,27.78,-8.67%,-17.03%,19.29%,Jan 16 AMC,526.82K,28.07,-3.33%,-6.32%,-13.80%,,"52,834",1.04%,WAFD
-,10.69,7.09,1.54%,110.05M,-1.94%,8.37B,7.13,20.54%,-0.23%,108.75M,-11.88%,774.90M,0.54,1.80,90.03%,5.37%,-15.98%,5.02B,1.67,24.36%,-0.23%,4.77,-3.66%,58.26,1.30,1.04%,5.84M,29.19%,-,-,19.85%,12.32%,53.75 - 98.10,-9.25%,1.50 (1.97%),93.98,7.93%,7.63%,-22.72%,1.29,1.50 (1.98%),-,33.50%,-,41.04%,3.26,"Feb 14, 2025",0.14,8.85%,18.97%,36.14,4.29% 3.94%,3524,0.99,13.60%,15.43%,1.23,106.46,Yes / Yes,0.51,46.47%,21.02%,0.35,74.76,4.10%,2.48%,12.39%,Jan 27 AMC,1.22M,75.81,-8.44%,-11.17%,-5.97%,,"111,085",1.41%,WAL
-,9.30,1.14,0.04%,155.49M,-3.11%,1.65B,5.58,4.50%,0.00%,155.43M,0.95%,300.80M,4.53,0.38,43.68%,11.31%,2.62%,1.75B,0.94,-0.30%,3.31%,12.84,46.33%,14.73,0.72,4.36%,17.58M,20.33%,15.12,0.70,2.05%,8.74%,7.03 - 12.40,10.79%,0.82 (7.72%),-,-11.97%,5.63%,-14.68%,0.06,-,3.57,1.60%,78.94%,50.50%,0.52,"Apr 09, 2025",3.61,-7.37%,28.17%,50.97,4.40% 4.91%,5268,0.53,-0.29%,17.14%,2.25,12.08,Yes / Yes,0.53,-89.06%,0.00%,2.15,10.42,1.21%,3.23%,-1.48%,Mar 13 BMO,1.37M,10.58,-0.79%,4.26%,17.20%,,"756,855",1.54%,WB
-,12.38,13.08,2.17%,48.79M,-2.02%,7.90B,10.06,19.51%,-4.56%,47.74M,-16.23%,660.00M,0.79,2.33,95.37%,2.94%,-18.07%,21.82B,0.36,10.18%,1.02%,1.84,4.62%,101.88,1.59,4.76%,1.40M,-0.05%,14.40,11.25,15.67%,14.34%,143.06 - 216.17,-10.51%,1.82 (1.12%),7.85,20.49%,6.21%,-25.09%,1.81,1.65 (1.02%),1.27,22.96%,20.72%,13.19%,7.20,"Mar 14, 2025",2.20,-4.03%,5.66%,39.12,4.60% 4.15%,20000,1.18,-2.53%,3.02%,1.54,226.30,Yes / Yes,1.14,23.57%,12.65%,0.37,158.49,1.65%,-2.42%,0.48%,Feb 11 BMO,763.33K,161.93,-7.48%,-11.22%,-8.40%,,"72,736",2.17%,WCC
S&P 500,10.53,4.19,0.89%,348.00M,5.86%,15.35B,8.13,20.98%,-5.67%,344.74M,-13.17%,1.48B,-,0.79,97.71%,9.32%,-15.11%,15.60B,0.98,3069.90%,3.45%,3.63,-7.72%,34.82,1.27,6.23%,32.12M,-7.22%,6.59,6.70,-,13.99%,39.42 - 61.62,-2.03%,0.06 (0.12%),25.09,-0.24%,7.46%,-28.36%,1.37,0.00 (0.00%),1.26,-3.14%,37.67%,12.00%,2.19,"Apr 02, 2020",1.99,160.46%,18.72%,43.17,4.34% 4.40%,51000,0.66,38.59%,9.50%,1.67,65.37,Yes / Yes,0.64,275.71%,-,0.78,42.03,0.57%,-0.79%,41.33%,Jan 29 AMC,8.85M,44.15,-6.25%,-8.60%,-13.02%,,"1,768,553",5.03%,WDC
-,10.37,0.14,1.98%,289.97M,10.24%,405.96M,9.36,6.11%,0.00%,284.22M,4.48%,50.21M,0.08,0.04,1.97%,0.05%,15.70%,385.17M,1.05,919.81%,13.33%,0.54,35.48%,1.78,0.79,5.73%,0.13M,20.52%,1.47,0.95,124.17%,7.70%,0.95 - 1.51,18.64%,0.03 (2.14%),-,-,7.62%,-7.02%,-0.41,0.00 (0.00%),3.12,18.12%,52.57%,46.63%,0.09,"Apr 11, 2025",3.12,119.46%,6.42%,59.82,7.73% 7.02%,2960,0.05,3.76%,13.04%,1.50,1.57,No / Yes,0.00,72.81%,0.00%,8.65,1.50,0.27%,-85.14%,4.74%,Mar 12 BMO,246.69K,1.40,7.49%,13.09%,20.48%,,"548,428",-6.67%,WDH
-,3.81,8.72,0.00%,246.50M,-0.35%,8.18B,3.60,6.56%,-,246.49M,-4.20%,2.15B,0.78,1.98,2.79%,0.00%,1.42%,19.37B,0.42,0.46%,7.26%,0.18,-2.71%,83.46,0.40,0.58%,0.01M,-1.41%,-,-,4.90%,10.17%,28.49 - 38.05,6.16%,2.62 (7.89%),1.09,4.39%,4.66%,-12.81%,1.00,2.59 (7.81%),-,12.66%,-,16.44%,0.77,"Sep 30, 2024",0.65,16.37%,16.23%,45.89,2.05% 2.23%,115,2.74,3.16%,11.12%,1.53,41.42,No / Yes,1.25,1027.21%,24.51%,0.37,32.80,-1.22%,5.85%,-6.90%,Feb 07 BMO,62.60K,33.17,-3.24%,-0.10%,-1.88%,,"5,899",1.14%,WF
S&P 500,13.02,5.37,0.16%,3.29B,-1.53%,230.05B,10.11,16.45%,-1.77%,3.28B,-11.72%,18.61B,0.93,1.25,77.59%,0.93%,-2.90%,126.28B,1.82,10.71%,-0.30%,1.86,30.21%,48.80,1.43,1.01%,30.50M,21.44%,-,-,13.98%,10.81%,50.15 - 81.50,-0.39%,1.70 (2.43%),7.75,5.77%,5.51%,-14.15%,1.03,1.55 (2.22%),-,6.19%,-,39.51%,2.36,"Feb 07, 2025",0.43,11.69%,19.11%,38.12,4.07% 2.95%,217000,1.60,7.87%,14.73%,1.96,85.20,Yes / Yes,0.88,65.33%,27.96%,1.00,68.46,-1.03%,5.74%,-7.27%,Jan 15 BMO,16.43M,69.96,-6.18%,-7.40%,7.32%,,"4,239,938",2.20%,WFC
-,7.83,6.75,2.13%,72.10M,-5.80%,3.85B,7.24,18.84%,-6.01%,71.29M,-21.85%,506.00M,1.21,0.92,100.51%,3.80%,-31.12%,5.51B,0.70,-8.99%,2.56%,2.20,-41.08%,17.82,2.97,9.90%,2.71M,-51.98%,13.38,3.95,6.48%,45.81%,51.24 - 135.00,-26.21%,0.88 (1.67%),7.81,-33.50%,16.80%,-60.85%,1.17,0.75 (1.42%),1.49,2.86%,32.49%,3.15%,2.87,"Feb 21, 2025",2.01,19.68%,18.03%,32.59,5.37% 4.91%,19000,1.39,7.36%,9.18%,1.80,94.50,Yes / Yes,1.34,-20.53%,7.40%,0.42,51.89,-1.07%,11.36%,-1.54%,Feb 05 AMC,1.23M,52.85,-12.19%,-19.50%,-41.39%,,"134,368",1.86%,WFRD
-,13.26,1.77,41.79%,35.24M,-3.04%,827.21M,10.95,23.56%,0.00%,20.51M,0.06%,62.39M,3.58,0.37,29.28%,0.65%,-2.43%,1.14B,0.73,-1.94%,1.45%,3.23,5.98%,14.72,1.59,4.79%,0.13M,3.00%,1.66,14.18,3.70%,11.98%,21.19 - 25.04,1.45%,1.89 (8.04%),1.90,0.03%,6.79%,-6.25%,0.88,1.89 (8.03%),4.28,3.10%,36.88%,10.78%,0.41,"Feb 07, 2025",4.35,14.90%,34.37%,40.21,1.97% 1.71%,153,0.77,-4.61%,5.49%,2.00,25.50,Yes / Yes,0.77,4.85%,106.48%,0.94,23.43,-,2.33%,-2.43%,Feb 24 BMO,41.19K,23.47,-1.89%,-1.81%,1.79%,,"9,758",0.19%,WLKP
-,12.65,3.16,0.03%,215.76M,-3.82%,8.64B,7.25,2.74%,0.00%,215.59M,-17.34%,694.28M,7.27,-,8.86%,0.18%,-28.24%,18.84B,0.46,-3.64%,39.52%,1.69,-17.24%,20.17,1.99,2.10%,0.38M,-12.77%,15.32,2.61,1.74%,16.04%,38.90 - 57.37,-22.10%,2.37 (5.91%),5.49,-7.69%,6.16%,-30.21%,1.01,2.52 (6.29%),0.89,2.48%,16.65%,2.94%,1.09,"Jun 06, 2025",0.88,407.10%,12.52%,30.34,2.25% 1.82%,114173,1.83,2.07%,3.69%,3.14,47.69,Yes / Yes,1.59,21360.22%,77.48%,1.32,40.56,24.14%,0.85%,1.54%,Feb 27 BMO,227.23K,40.04,-8.13%,-12.43%,-18.20%,,"77,294",-1.28%,WPP
S&P 500,14.35,4.36,23.59%,380.07M,-0.05%,23.71B,13.14,9.12%,0.00%,289.78M,2.95%,1.76B,1.87,1.05,69.23%,2.98%,2.87%,13.64B,1.74,5.30%,0.30%,4.88,10.88%,22.09,2.83,5.08%,8.63M,11.62%,-,-,7.68%,22.16%,49.78 - 64.95,6.85%,0.77 (1.24%),6.87,22.70%,15.41%,-3.73%,0.48,0.36 (0.58%),-,11.68%,-,25.61%,1.14,"Mar 03, 2025",0.41,29.21%,17.15%,55.51,2.14% 1.79%,8606,0.36,12.32%,12.88%,2.20,64.93,Yes / Yes,0.36,47.03%,7.19%,0.37,61.87,1.16%,17.88%,13.85%,Jan 27 AMC,1.77M,62.53,0.95%,3.72%,8.63%,,"170,001",1.07%,WRB
RUT,8.41,14.13,13.84%,5.79M,-5.80%,682.44M,8.06,5.21%,-17.60%,4.95M,-18.11%,80.52M,1.00,5.83,68.93%,6.37%,-1.51%,558.83M,1.22,6.14%,-6.32%,12.35,8.29%,73.98,1.61,7.22%,0.32M,-9.91%,2.71,43.80,8.38%,19.28%,101.85 - 161.63,5.62%,-,2.81,9.94%,7.57%,-26.53%,1.39,-,-,1.42%,98.13%,16.60%,4.71,-,-,24.39%,26.26%,33.86,3.72% 3.47%,2872,1.50,-2.78%,14.41%,3.00,143.50,No / Yes,1.48,-13.84%,0.00%,0.23,116.87,5.20%,25.32%,0.64%,Jan 28 BMO,25.52K,118.75,-9.88%,-9.19%,-2.91%,,"1,519",1.61%,WRLD
RUT,9.15,2.91,35.94%,49.48M,1.68%,1.35B,8.36,54.62%,0.00%,32.51M,-5.27%,143.40M,183.02,0.48,48.61%,3.59%,-40.02%,3.29B,0.41,-39.87%,5.18%,3.51,-15.05%,20.43,1.30,7.89%,1.17M,-12.82%,1.02,25.95,0.05%,13.98%,24.22 - 47.19,-16.44%,-,17.00,-,13.33%,-43.65%,1.69,0.64 (2.41%),1.10,-4.91%,13.37%,9.79%,1.14,"Mar 14, 2025",1.83,14.44%,6.24%,44.43,4.85% 3.90%,4600,0.19,-2.63%,4.36%,2.00,34.00,Yes / Yes,0.06,312.57%,10.20%,0.34,25.89,2.72%,-69.94%,-8.54%,Mar 19 AMC,332.07K,26.59,-1.88%,-7.22%,-22.06%,,"29,358",2.70%,WS
RUT,14.33,1.43,12.59%,16.83M,-3.27%,344.06M,10.48,18.18%,-0.13%,14.71M,-6.67%,24.05M,-,0.38,46.08%,1.96%,-13.57%,198.50M,1.73,16.20%,1.08%,9.75,10.19%,13.54,1.51,0.61%,0.29M,19.04%,-,-,-,10.62%,15.80 - 24.85,-5.59%,1.00 (4.89%),25.17,-3.95%,6.88%,-17.75%,0.88,1.00 (4.89%),-,13.54%,-,29.37%,0.57,"Feb 05, 2025",0.13,-1.01%,13.83%,38.00,2.71% 2.52%,180,1.74,16.51%,12.12%,3.00,23.00,Yes / Yes,0.53,55.56%,70.25%,0.04,20.06,-2.65%,5.00%,13.83%,Jan 23 BMO,29.60K,20.44,-5.45%,-5.40%,0.06%,,302,1.89%,WTBA
-,10.60,10.31,1.90%,66.50M,-3.18%,7.29B,9.94,6.11%,-4.26%,65.44M,-15.94%,667.08M,2.24,2.47,95.03%,2.51%,-17.44%,3.97B,1.84,0.47%,3.73%,3.65,7.02%,89.21,1.22,1.15%,1.64M,12.48%,-,-,4.73%,11.84%,91.38 - 142.04,-12.38%,1.88 (1.72%),11.16,11.32%,6.64%,-23.07%,0.95,1.85 (1.69%),-,18.38%,-,19.58%,3.69,"Feb 06, 2025",0.12,7.73%,23.66%,28.73,3.82% 3.03%,5903,0.67,11.51%,16.82%,1.42,148.25,Yes / Yes,0.58,41.09%,17.46%,0.33,107.76,-0.23%,6.13%,-6.58%,Jan 21 AMC,449.06K,109.27,-8.33%,-13.09%,-4.70%,,"37,970",1.40%,WTFC
-,3.91,2.74,0.80%,337.90M,-7.79%,3.62B,5.68,5.61%,0.00%,335.22M,4.64%,934.20M,0.91,0.42,93.96%,7.27%,-2.32%,4.20B,0.86,2.66%,2.07%,4.18,-9.04%,2.87,3.74,11.28%,24.37M,-22.41%,4.37,2.45,4.29%,129.04%,10.04 - 14.00,1.08%,0.93 (8.65%),9.82,2.20%,23.15%,-23.46%,0.72,0.94 (8.77%),-,-4.25%,33.40%,6.72%,0.31,"Mar 17, 2025",-,63.33%,17.27%,48.77,4.26% 2.64%,9100,3.23,-3.38%,22.22%,3.57,11.26,Yes / Yes,3.17,222.75%,34.32%,0.62,10.54,3.13%,-5.03%,0.58%,Feb 04 AMC,5.82M,10.72,-1.10%,1.12%,-6.36%,,"922,843",1.66%,WU
S&P 500,14.08,7.85,0.18%,4.35B,1.39%,479.65B,12.41,18.58%,-0.03%,4.33B,2.97%,33.68B,1.45,1.73,66.30%,1.09%,-1.89%,339.91B,1.41,-3.61%,-0.01%,2.96,0.75%,60.58,1.82,8.12%,47.11M,2.05%,5.34,20.69,9.74%,14.38%,103.67 - 126.34,2.76%,4.00 (3.62%),15.62,18.47%,11.04%,-12.51%,0.62,3.88 (3.51%),0.97,11.00%,22.53%,6.63%,2.70,"Feb 12, 2025",1.31,-11.52%,11.86%,53.21,2.55% 2.42%,61000,0.18,1.86%,9.91%,1.97,128.62,Yes / Yes,0.16,-9.37%,49.00%,0.73,108.67,-3.37%,7.56%,1.09%,Jan 31 BMO,15.89M,110.54,0.95%,1.18%,-3.15%,,"2,969,681",1.72%,XOM
-,12.53,4.55,12.06%,559.61M,-4.97%,35.32B,10.42,23.77%,-0.13%,544.76M,-31.29%,2.90B,0.46,0.99,63.88%,2.75%,-39.37%,24.12B,1.46,31.19%,1.83%,1.86,-10.03%,34.32,1.66,8.18%,14.96M,-30.22%,15.14,3.77,27.49%,14.50%,53.54 - 99.26,-32.91%,-,22.74,41.45%,10.87%,-42.55%,2.75,-,2.31,44.36%,36.21%,6.50%,3.41,-,2.33,38060.98%,8.11%,30.54,5.05% 4.80%,11372,0.30,10.06%,12.01%,1.67,94.05,Yes / Yes,0.25,979.05%,0.00%,1.43,54.04,-4.17%,-19.16%,4.50%,Feb 20 AMC,8.04M,57.02,-12.76%,-27.12%,-22.34%,,"2,955,054",5.51%,XYZ
-,6.36,0.74,-,134.13M,17.78%,633.50M,5.62,7.69%,-,131.47M,13.26%,135.68M,-,-,7.38%,0.28%,6.61%,339.67M,1.87,5.41%,18.76%,1.73,9.84%,4.26,1.11,18.84%,0.37M,-9.17%,4.89,0.97,-,21.33%,3.71 - 5.14,16.33%,-,-,27.87%,19.26%,-8.20%,0.97,-,6.47,47.55%,64.53%,27.30%,0.19,-,6.80,14.89%,35.74%,73.83,6.67% 3.90%,778,0.00,6.52%,39.95%,2.00,6.00,Yes / Yes,0.00,4.71%,0.00%,5.21,4.80,9.14%,-,12.23%,Mar 10 AMC,214.14K,4.72,13.26%,15.65%,11.17%,,"286,704",-1.60%,YALA
-,9.65,4.96,1.61%,147.87M,-4.56%,7.08B,8.34,8.79%,-2.19%,145.52M,-13.71%,730.00M,1.73,1.18,78.45%,3.85%,-18.07%,4.99B,1.42,6.55%,2.76%,3.92,6.25%,40.97,1.17,0.88%,5.60M,17.03%,-,-,5.57%,13.15%,39.05 - 63.22,-11.77%,1.73 (3.61%),7.29,3.54%,9.98%,-24.29%,0.93,1.68 (3.51%),-,10.13%,-,22.57%,1.74,"Feb 13, 2025",0.35,13.79%,20.26%,30.65,3.81% 3.19%,9406,0.82,7.91%,14.62%,2.82,63.41,Yes / Yes,0.19,72.54%,33.52%,0.50,47.00,4.18%,6.00%,4.59%,Jan 21 AMC,1.43M,47.87,-7.72%,-12.55%,-5.95%,,"181,849",1.84%,ZION
